<?xml version="1.0" encoding="UTF-8"?>
<!DOCTYPE html PUBLIC "-//W3C//DTD XHTML 1.0 Transitional//EN"
    "http://www.w3.org/TR/xhtml1/DTD/xhtml1-transitional.dtd">
<html xmlns="http://www.w3.org/1999/xhtml" xml:lang="en" lang="en">
 <head>
  <title>
</title>
<meta http-equiv="Content-Type" content="text/html;charset=utf-8" />
  <meta name='ocr-system' content='tesseract 3.04.00' />
  <meta name='ocr-capabilities' content='ocr_page ocr_carea ocr_par ocr_line ocrx_word'/>
</head>
<body>
  <div class='ocr_page' id='page_1' title='image "./lelibercensuumde04fabruoft_0187.png"; bbox 0 0 2392 3571; ppageno 0'>
   <div class='ocr_carea' id='block_1_1' title="bbox 654 339 2184 380">
    <p class='ocr_par' dir='ltr' id='par_1_1' title="bbox 654 339 2184 380">
     <span class='ocr_line' id='line_1_1' title="bbox 654 339 2184 380; baseline 0.003 -5"><span class='ocrx_word' id='word_1_1' title='bbox 654 346 702 375; x_wconf 83' lang='lat' dir='ltr'>LE</span> <span class='ocrx_word' id='word_1_2' title='bbox 728 345 871 376; x_wconf 83' lang='lat' dir='ltr'>LIBER</span> <span class='ocrx_word' id='word_1_3' title='bbox 893 346 1125 377; x_wconf 82' lang='lat' dir='ltr'>CENSUUM</span> <span class='ocrx_word' id='word_1_4' title='bbox 1148 347 1202 376; x_wconf 84' lang='lat' dir='ltr'>DE</span> <span class='ocrx_word' id='word_1_5' title='bbox 1226 339 1410 376; x_wconf 75' lang='lat' dir='ltr'>L&#39;EGLISE</span> <span class='ocrx_word' id='word_1_6' title='bbox 1433 347 1640 379; x_wconf 86' lang='lat' dir='ltr'>ROMAINE.</span> <span class='ocrx_word' id='word_1_7' title='bbox 2127 350 2184 380; x_wconf 78' lang='lat'>535</span> 
     </span>
    </p>
   </div>
   <div class='ocr_carea' id='block_1_2' title="bbox 142 411 1112 3025">
    <p class='ocr_par' dir='ltr' id='par_1_2' title="bbox 142 411 1112 3025">
     <span class='ocr_line' id='line_1_2' title="bbox 144 411 1107 446; baseline 0.001 -9"><span class='ocrx_word' id='word_1_8' title='bbox 144 414 307 437; x_wconf 81' lang='lat' dir='ltr'>strumento</span> <span class='ocrx_word' id='word_1_9' title='bbox 328 411 458 438; x_wconf 85' lang='lat' dir='ltr'>confecto</span> <span class='ocrx_word' id='word_1_10' title='bbox 482 419 532 446; x_wconf 88' lang='lat' dir='ltr'>per</span> <span class='ocrx_word' id='word_1_11' title='bbox 550 419 664 438; x_wconf 83' lang='lat' dir='ltr'>manum</span> <span class='ocrx_word' id='word_1_12' title='bbox 689 412 819 446; x_wconf 76' lang='lat' dir='ltr'>magistri</span> <span class='ocrx_word' id='word_1_13' title='bbox 842 411 980 438; x_wconf 82' lang='lat' dir='ltr'>Mannutii</span> <span class='ocrx_word' id='word_1_14' title='bbox 1007 412 1107 438; x_wconf 84' lang='lat' dir='ltr'>notarii</span> 
     </span>
     <span class='ocr_line' id='line_1_3' title="bbox 145 459 1108 487; baseline 0 -1"><span class='ocrx_word' id='word_1_15' title='bbox 145 467 242 486; x_wconf 87' lang='lat' dir='ltr'>coram</span> <span class='ocrx_word' id='word_1_16' title='bbox 268 459 423 486; x_wconf 81' lang='lat' dir='ltr'>venerabili</span> <span class='ocrx_word' id='word_1_17' title='bbox 448 460 508 486; x_wconf 89' lang='lat' dir='ltr'>viro</span> <span class='ocrx_word' id='word_1_18' title='bbox 532 459 648 486; x_wconf 82' lang='lat' dir='ltr'>domino</span> <span class='ocrx_word' id='word_1_19' title='bbox 673 459 790 486; x_wconf 87' lang='lat' dir='ltr'>Nicolao</span> <span class='ocrx_word' id='word_1_20' title='bbox 815 460 850 486; x_wconf 88' lang='lat' dir='ltr'>de</span> <span class='ocrx_word' id='word_1_21' title='bbox 875 460 977 486; x_wconf 88' lang='lat' dir='ltr'>Trebis</span> <span class='ocrx_word' id='word_1_22' title='bbox 1001 460 1108 487; x_wconf 88' lang='lat' dir='ltr'>domini</span> 
     </span>
     <span class='ocr_line' id='line_1_4' title="bbox 145 507 1109 543; baseline 0.002 -10"><span class='ocrx_word' id='word_1_23' title='bbox 145 515 217 543; x_wconf 88' lang='lat' dir='ltr'>pape</span> <span class='ocrx_word' id='word_1_24' title='bbox 233 507 390 534; x_wconf 85' lang='lat' dir='ltr'>camerario</span> <span class='ocrx_word' id='word_1_25' title='bbox 407 512 435 534; x_wconf 88' lang='lat' dir='ltr'>et</span> <span class='ocrx_word' id='word_1_26' title='bbox 451 508 559 535; x_wconf 87' lang='lat' dir='ltr'>notario</span> <span class='ocrx_word' id='word_1_27' title='bbox 576 509 763 542; x_wconf 76' lang='lat' dir='ltr'><strong>personaliter</strong></span> <span class='ocrx_word' id='word_1_28' title='bbox 777 509 966 539; x_wconf 75' lang='lat' dir='ltr'>constitutus,</span> <span class='ocrx_word' id='word_1_29' title='bbox 985 517 1054 543; x_wconf 90' lang='lat' dir='ltr'>pure</span> <span class='ocrx_word' id='word_1_30' title='bbox 1076 517 1109 535; x_wconf 84' lang='lat' dir='ltr'>ac</span> 
     </span>
     <span class='ocr_line' id='line_1_5' title="bbox 144 556 1109 591; baseline 0.001 -9"><span class='ocrx_word' id='word_1_31' title='bbox 144 556 233 582; x_wconf 91' lang='lat' dir='ltr'>libere</span> <span class='ocrx_word' id='word_1_32' title='bbox 248 559 276 582; x_wconf 90' lang='lat' dir='ltr'>et</span> <span class='ocrx_word' id='word_1_33' title='bbox 292 564 392 583; x_wconf 88' lang='lat' dir='ltr'>secum</span> <span class='ocrx_word' id='word_1_34' title='bbox 413 557 495 591; x_wconf 82' lang='lat' dir='ltr'>plena</span> <span class='ocrx_word' id='word_1_35' title='bbox 515 556 718 583; x_wconf 77' lang='lat' dir='ltr'>deliberatione</span> <span class='ocrx_word' id='word_1_36' title='bbox 741 558 893 591; x_wconf 81' lang='lat' dir='ltr'>premissa,</span> <span class='ocrx_word' id='word_1_37' title='bbox 910 557 1063 584; x_wconf 89' lang='lat' dir='ltr'>sindicario</span> <span class='ocrx_word' id='word_1_38' title='bbox 1082 561 1109 583; x_wconf 90' lang='lat' dir='ltr'>et</span> 
     </span>
     <span class='ocr_line' id='line_1_6' title="bbox 144 606 1109 641; baseline 0.001 -10"><span class='ocrx_word' id='word_1_39' title='bbox 144 606 340 640; x_wconf 73' lang='lat' dir='ltr'>procuratorio</span> <span class='ocrx_word' id='word_1_40' title='bbox 358 606 472 632; x_wconf 90' lang='lat' dir='ltr'>nomine</span> <span class='ocrx_word' id='word_1_41' title='bbox 495 606 627 632; x_wconf 90' lang='lat' dir='ltr'>comunis</span> <span class='ocrx_word' id='word_1_42' title='bbox 648 609 676 632; x_wconf 89' lang='lat' dir='ltr'>et</span> <span class='ocrx_word' id='word_1_43' title='bbox 693 606 838 632; x_wconf 89' lang='lat' dir='ltr'>bominum</span> <span class='ocrx_word' id='word_1_44' title='bbox 862 606 930 633; x_wconf 89' lang='lat' dir='ltr'>dicti</span> <span class='ocrx_word' id='word_1_45' title='bbox 951 606 1036 632; x_wconf 79' lang='lat' dir='ltr'>castri</span> <span class='ocrx_word' id='word_1_46' title='bbox 1059 614 1109 641; x_wconf 89' lang='lat' dir='ltr'>per</span> 
     </span>
     <span class='ocr_line' id='line_1_7' title="bbox 144 653 1108 688; baseline 0.002 -9"><span class='ocrx_word' id='word_1_47' title='bbox 144 653 300 687; x_wconf 77' lang='lat' dir='ltr'>legitimam</span> <span class='ocrx_word' id='word_1_48' title='bbox 322 654 536 688; x_wconf 77' lang='lat' dir='ltr'>stipulationem</span> <span class='ocrx_word' id='word_1_49' title='bbox 558 654 689 688; x_wconf 84' lang='lat' dir='ltr'>promisit</span> <span class='ocrx_word' id='word_1_50' title='bbox 708 655 798 680; x_wconf 88' lang='lat' dir='ltr'>eidem</span> <span class='ocrx_word' id='word_1_51' title='bbox 817 654 932 681; x_wconf 90' lang='lat' dir='ltr'>domino</span> <span class='ocrx_word' id='word_1_52' title='bbox 953 655 1108 681; x_wconf 81' lang='lat' dir='ltr'>camerario</span> 
     </span>
     <span class='ocr_line' id='line_1_8' title="bbox 144 702 1108 737; baseline 0.001 -9"><span class='ocrx_word' id='word_1_53' title='bbox 144 702 292 736; x_wconf 80' lang='lat' dir='ltr'>stipulanti</span> <span class='ocrx_word' id='word_1_54' title='bbox 318 706 345 728; x_wconf 90' lang='lat' dir='ltr'>et</span> <span class='ocrx_word' id='word_1_55' title='bbox 368 702 515 736; x_wconf 80' lang='lat' dir='ltr'>recipienti</span> <span class='ocrx_word' id='word_1_56' title='bbox 537 711 587 736; x_wconf 88' lang='lat' dir='ltr'>pro</span> <span class='ocrx_word' id='word_1_57' title='bbox 609 702 724 729; x_wconf 92' lang='lat' dir='ltr'>domino</span> <span class='ocrx_word' id='word_1_58' title='bbox 746 711 815 737; x_wconf 85' lang='lat' dir='ltr'>papa</span> <span class='ocrx_word' id='word_1_59' title='bbox 838 707 866 729; x_wconf 87' lang='lat' dir='ltr'>et</span> <span class='ocrx_word' id='word_1_60' title='bbox 888 703 1108 729; x_wconf 87' lang='lat' dir='ltr'>successoribus</span> 
     </span>
     <span class='ocr_line' id='line_1_9' title="bbox 145 750 1107 785; baseline 0.001 -9"><span class='ocrx_word' id='word_1_61' title='bbox 145 750 207 776; x_wconf 88' lang='lat' dir='ltr'>suis</span> <span class='ocrx_word' id='word_1_62' title='bbox 223 754 251 776; x_wconf 88' lang='lat' dir='ltr'>et</span> <span class='ocrx_word' id='word_1_63' title='bbox 266 750 388 776; x_wconf 86' lang='lat' dir='ltr'>ecclesia</span> <span class='ocrx_word' id='word_1_64' title='bbox 405 750 533 776; x_wconf 86' lang='lat' dir='ltr'>Romana</span> <span class='ocrx_word' id='word_1_65' title='bbox 549 754 577 777; x_wconf 89' lang='lat' dir='ltr'>et</span> <span class='ocrx_word' id='word_1_66' title='bbox 593 752 656 785; x_wconf 84' lang='lat' dir='ltr'>ejus</span> <span class='ocrx_word' id='word_1_67' title='bbox 672 759 782 777; x_wconf 79' lang='lat' dir='ltr'>camera</span> <span class='ocrx_word' id='word_1_68' title='bbox 800 759 834 777; x_wconf 90' lang='lat' dir='ltr'>ex</span> <span class='ocrx_word' id='word_1_69' title='bbox 852 759 927 777; x_wconf 88' lang='lat' dir='ltr'>nunc</span> <span class='ocrx_word' id='word_1_70' title='bbox 944 752 969 777; x_wconf 93' lang='lat' dir='ltr'>in</span> <span class='ocrx_word' id='word_1_71' title='bbox 988 755 1069 777; x_wconf 86' lang='lat' dir='ltr'>antea</span> <span class='ocrx_word' id='word_1_72' title='bbox 1081 751 1107 777; x_wconf 89' lang='lat' dir='ltr'>in</span> 
     </span>
     <span class='ocr_line' id='line_1_10' title="bbox 145 797 1108 833; baseline 0.002 -10"><span class='ocrx_word' id='word_1_73' title='bbox 145 802 331 832; x_wconf 85' lang='lat' dir='ltr'>perpetuum,</span> <span class='ocrx_word' id='word_1_74' title='bbox 348 797 415 824; x_wconf 88' lang='lat' dir='ltr'>dare</span> <span class='ocrx_word' id='word_1_75' title='bbox 430 802 458 824; x_wconf 84' lang='lat' dir='ltr'>et</span> <span class='ocrx_word' id='word_1_76' title='bbox 474 799 585 825; x_wconf 87' lang='lat' dir='ltr'>solvere</span> <span class='ocrx_word' id='word_1_77' title='bbox 601 807 666 825; x_wconf 89' lang='lat' dir='ltr'>cum</span> <span class='ocrx_word' id='word_1_78' title='bbox 683 799 784 825; x_wconf 82' lang='lat' dir='ltr'>effectu</span> <span class='ocrx_word' id='word_1_79' title='bbox 801 799 925 833; x_wconf 85' lang='lat' dir='ltr'>singulis</span> <span class='ocrx_word' id='word_1_80' title='bbox 944 801 1026 825; x_wconf 88' lang='lat' dir='ltr'>annis</span> <span class='ocrx_word' id='word_1_81' title='bbox 1044 808 1108 833; x_wconf 86' lang='lat' dir='ltr'>pre-</span> 
     </span>
     <span class='ocr_line' id='line_1_11' title="bbox 143 845 1109 880; baseline 0.001 -8"><span class='ocrx_word' id='word_1_82' title='bbox 143 845 220 872; x_wconf 85' lang='lat' dir='ltr'>dicte</span> <span class='ocrx_word' id='word_1_83' title='bbox 238 854 350 872; x_wconf 84' lang='lat' dir='ltr'>camcre</span> <span class='ocrx_word' id='word_1_84' title='bbox 363 846 537 880; x_wconf 86' lang='lat' dir='ltr'>ubicumque</span> <span class='ocrx_word' id='word_1_85' title='bbox 554 846 682 873; x_wconf 81' lang='lat' dir='ltr'>Romana</span> <span class='ocrx_word' id='word_1_86' title='bbox 703 848 782 874; x_wconf 88' lang='lat' dir='ltr'>curia</span> <span class='ocrx_word' id='word_1_87' title='bbox 805 848 889 874; x_wconf 83' lang='lat' dir='ltr'>suerit</span> <span class='ocrx_word' id='word_1_88' title='bbox 906 848 934 874; x_wconf 92' lang='lat' dir='ltr'>in</span> <span class='ocrx_word' id='word_1_89' title='bbox 955 848 1039 873; x_wconf 86' lang='lat' dir='ltr'>terris</span> <span class='ocrx_word' id='word_1_90' title='bbox 1055 847 1109 874; x_wconf 90' lang='lat' dir='ltr'>Ec-</span> 
     </span>
     <span class='ocr_line' id='line_1_12' title="bbox 144 894 1110 930; baseline 0.002 -10"><span class='ocrx_word' id='word_1_91' title='bbox 144 894 241 925; x_wconf 83' lang='lat' dir='ltr'>clesie,</span> <span class='ocrx_word' id='word_1_92' title='bbox 260 895 384 928; x_wconf 82' lang='lat' dir='ltr'>alioquin</span> <span class='ocrx_word' id='word_1_93' title='bbox 408 895 588 922; x_wconf 84' lang='lat' dir='ltr'>thesaurario</span> <span class='ocrx_word' id='word_1_94' title='bbox 613 895 738 922; x_wconf 83' lang='lat' dir='ltr'>Marchie</span> <span class='ocrx_word' id='word_1_95' title='bbox 763 896 943 922; x_wconf 84' lang='lat' dir='ltr'>Anconitane</span> <span class='ocrx_word' id='word_1_96' title='bbox 967 895 1035 921; x_wconf 90' lang='lat' dir='ltr'>mihi</span> <span class='ocrx_word' id='word_1_97' title='bbox 1061 904 1110 930; x_wconf 90' lang='lat' dir='ltr'>per</span> 
     </span>
     <span class='ocr_line' id='line_1_13' title="bbox 144 943 1110 979; baseline 0.002 -10"><span class='ocrx_word' id='word_1_98' title='bbox 144 943 242 969; x_wconf 88' lang='lat' dir='ltr'>sedem</span> <span class='ocrx_word' id='word_1_99' title='bbox 260 943 446 978; x_wconf 77' lang='lat' dir='ltr'>apostolicam</span> <span class='ocrx_word' id='word_1_100' title='bbox 461 943 634 979; x_wconf 86' lang='lat' dir='ltr'>deputando.</span> <span class='ocrx_word' id='word_1_101' title='bbox 652 945 745 971; x_wconf 84' lang='lat' dir='ltr'>silicet</span> <span class='ocrx_word' id='word_1_102' title='bbox 760 949 875 971; x_wconf 91' lang='lat' dir='ltr'>centum</span> <span class='ocrx_word' id='word_1_103' title='bbox 893 945 1008 978; x_wconf 88' lang='lat' dir='ltr'>triginta</span> <span class='ocrx_word' id='word_1_104' title='bbox 1024 944 1110 971; x_wconf 81' lang='lat' dir='ltr'>libras</span> 
     </span>
     <span class='ocr_line' id='line_1_14' title="bbox 144 992 1110 1027; baseline 0 -9"><span class='ocrx_word' id='word_1_105' title='bbox 144 992 283 1018; x_wconf 90' lang='lat' dir='ltr'>bonorum</span> <span class='ocrx_word' id='word_1_106' title='bbox 303 992 537 1019; x_wconf 81' lang='lat' dir='ltr'>Ravennatorum</span> <span class='ocrx_word' id='word_1_107' title='bbox 554 993 596 1019; x_wconf 88' lang='lat' dir='ltr'>vel</span> <span class='ocrx_word' id='word_1_108' title='bbox 612 993 792 1020; x_wconf 85' lang='lat' dir='ltr'>Anconitane</span> <span class='ocrx_word' id='word_1_109' title='bbox 807 996 928 1024; x_wconf 80' lang='lat' dir='ltr'>monete,</span> <span class='ocrx_word' id='word_1_110' title='bbox 944 993 1015 1019; x_wconf 81' lang='lat' dir='ltr'>infra</span> <span class='ocrx_word' id='word_1_111' title='bbox 1027 993 1110 1027; x_wconf 87' lang='lat' dir='ltr'>quin-</span> 
     </span>
     <span class='ocr_line' id='line_1_15' title="bbox 144 1040 1110 1071; baseline 0.002 -5"><span class='ocrx_word' id='word_1_112' title='bbox 144 1040 245 1067; x_wconf 80' lang='lat' dir='ltr'>denam</span> <span class='ocrx_word' id='word_1_113' title='bbox 263 1040 330 1067; x_wconf 79' lang='lat' dir='ltr'>festi</span> <span class='ocrx_word' id='word_1_114' title='bbox 348 1040 582 1068; x_wconf 82' lang='lat' dir='ltr'>Resurrectionis</span> <span class='ocrx_word' id='word_1_115' title='bbox 597 1041 749 1071; x_wconf 83' lang='lat' dir='ltr'>dominice,</span> <span class='ocrx_word' id='word_1_116' title='bbox 766 1041 799 1067; x_wconf 84' lang='lat' dir='ltr'>ad</span> <span class='ocrx_word' id='word_1_117' title='bbox 816 1041 953 1067; x_wconf 85' lang='lat' dir='ltr'>indicium</span> <span class='ocrx_word' id='word_1_118' title='bbox 967 1041 1110 1068; x_wconf 78' lang='lat' dir='ltr'>facultatis</span> 
     </span>
     <span class='ocr_line' id='line_1_16' title="bbox 144 1089 1109 1124; baseline 0 -9"><span class='ocrx_word' id='word_1_119' title='bbox 144 1097 197 1116; x_wconf 90' lang='lat' dir='ltr'>seu</span> <span class='ocrx_word' id='word_1_120' title='bbox 217 1090 307 1123; x_wconf 83' lang='lat' dir='ltr'>gratie</span> <span class='ocrx_word' id='word_1_121' title='bbox 322 1090 478 1124; x_wconf 84' lang='lat' dir='ltr'>apostolice</span> <span class='ocrx_word' id='word_1_122' title='bbox 497 1097 636 1116; x_wconf 83' lang='lat' dir='ltr'>concesse</span> <span class='ocrx_word' id='word_1_123' title='bbox 653 1097 703 1116; x_wconf 86' lang='lat' dir='ltr'>seu</span> <span class='ocrx_word' id='word_1_124' title='bbox 721 1089 902 1116; x_wconf 77' lang='lat' dir='ltr'>concedende</span> <span class='ocrx_word' id='word_1_125' title='bbox 921 1098 970 1123; x_wconf 90' lang='lat' dir='ltr'>per</span> <span class='ocrx_word' id='word_1_126' title='bbox 986 1090 1109 1115; x_wconf 88' lang='lat' dir='ltr'>eundem</span> 
     </span>
     <span class='ocr_line' id='line_1_17' title="bbox 144 1137 1110 1173; baseline -0.001 -9"><span class='ocrx_word' id='word_1_127' title='bbox 144 1138 291 1164; x_wconf 87' lang='lat' dir='ltr'>dominum</span> <span class='ocrx_word' id='word_1_128' title='bbox 305 1146 404 1173; x_wconf 87' lang='lat' dir='ltr'>papam</span> <span class='ocrx_word' id='word_1_129' title='bbox 421 1138 454 1164; x_wconf 91' lang='lat' dir='ltr'>de</span> <span class='ocrx_word' id='word_1_130' title='bbox 468 1137 617 1172; x_wconf 83' lang='lat' dir='ltr'>eligendis,</span> <span class='ocrx_word' id='word_1_131' title='bbox 635 1138 818 1164; x_wconf 80' lang='lat' dir='ltr'>assumendis</span> <span class='ocrx_word' id='word_1_132' title='bbox 832 1141 859 1164; x_wconf 93' lang='lat' dir='ltr'>et</span> <span class='ocrx_word' id='word_1_133' title='bbox 873 1137 1011 1164; x_wconf 82' lang='lat' dir='ltr'>habendis</span> <span class='ocrx_word' id='word_1_134' title='bbox 1026 1138 1110 1164; x_wconf 86' lang='lat' dir='ltr'>annis</span> 
     </span>
     <span class='ocr_line' id='line_1_18' title="bbox 144 1186 1109 1222; baseline 0 -9"><span class='ocrx_word' id='word_1_135' title='bbox 144 1188 267 1222; x_wconf 87' lang='lat' dir='ltr'>singulis</span> <span class='ocrx_word' id='word_1_136' title='bbox 284 1188 309 1213; x_wconf 91' lang='lat' dir='ltr'>in</span> <span class='ocrx_word' id='word_1_137' title='bbox 328 1190 496 1222; x_wconf 90' lang='lat' dir='ltr'>perpetuum</span> <span class='ocrx_word' id='word_1_138' title='bbox 514 1190 654 1221; x_wconf 85' lang='lat' dir='ltr'>potestate</span> <span class='ocrx_word' id='word_1_139' title='bbox 674 1195 707 1213; x_wconf 86' lang='lat' dir='ltr'>ac</span> <span class='ocrx_word' id='word_1_140' title='bbox 730 1186 897 1213; x_wconf 85' lang='lat' dir='ltr'>officialibus</span> <span class='ocrx_word' id='word_1_141' title='bbox 913 1187 975 1213; x_wconf 86' lang='lat' dir='ltr'>aliis</span> <span class='ocrx_word' id='word_1_142' title='bbox 991 1195 1041 1222; x_wconf 92' lang='lat' dir='ltr'>per</span> <span class='ocrx_word' id='word_1_143' title='bbox 1058 1188 1109 1213; x_wconf 89' lang='lat' dir='ltr'>ho-</span> 
     </span>
     <span class='ocr_line' id='line_1_19' title="bbox 143 1236 1109 1270; baseline -0.001 -7"><span class='ocrx_word' id='word_1_144' title='bbox 143 1237 237 1263; x_wconf 86' lang='lat' dir='ltr'>mines</span> <span class='ocrx_word' id='word_1_145' title='bbox 259 1237 351 1270; x_wconf 89' lang='lat' dir='ltr'>ipsius</span> <span class='ocrx_word' id='word_1_146' title='bbox 374 1236 506 1262; x_wconf 86' lang='lat' dir='ltr'>comunis</span> <span class='ocrx_word' id='word_1_147' title='bbox 529 1243 562 1261; x_wconf 86' lang='lat' dir='ltr'>ac</span> <span class='ocrx_word' id='word_1_148' title='bbox 584 1243 682 1261; x_wconf 91' lang='lat' dir='ltr'>eorum</span> <span class='ocrx_word' id='word_1_149' title='bbox 706 1239 733 1261; x_wconf 88' lang='lat' dir='ltr'>et</span> <span class='ocrx_word' id='word_1_150' title='bbox 761 1236 853 1269; x_wconf 89' lang='lat' dir='ltr'>ipsius</span> <span class='ocrx_word' id='word_1_151' title='bbox 878 1236 1010 1262; x_wconf 89' lang='lat' dir='ltr'>comunis</span> <span class='ocrx_word' id='word_1_152' title='bbox 1034 1236 1109 1270; x_wconf 81' lang='lat' dir='ltr'>regi-</span> 
     </span>
     <span class='ocr_line' id='line_1_20' title="bbox 144 1283 1110 1318; baseline 0 -7"><span class='ocrx_word' id='word_1_153' title='bbox 144 1293 208 1311; x_wconf 86' lang='lat' dir='ltr'>men</span> <span class='ocrx_word' id='word_1_154' title='bbox 232 1283 435 1316; x_wconf 84' lang='lat' dir='ltr'>exercendum,</span> <span class='ocrx_word' id='word_1_155' title='bbox 459 1283 620 1310; x_wconf 89' lang='lat' dir='ltr'>secundum</span> <span class='ocrx_word' id='word_1_156' title='bbox 645 1284 758 1310; x_wconf 89' lang='lat' dir='ltr'>modum</span> <span class='ocrx_word' id='word_1_157' title='bbox 782 1287 809 1310; x_wconf 89' lang='lat' dir='ltr'>et</span> <span class='ocrx_word' id='word_1_158' title='bbox 835 1284 954 1310; x_wconf 85' lang='lat' dir='ltr'>formam</span> <span class='ocrx_word' id='word_1_159' title='bbox 977 1292 1060 1318; x_wconf 90' lang='lat' dir='ltr'>quem</span> <span class='ocrx_word' id='word_1_160' title='bbox 1082 1288 1110 1311; x_wconf 89' lang='lat' dir='ltr'>et</span> 
     </span>
     <span class='ocr_line' id='line_1_21' title="bbox 142 1332 1109 1368; baseline 0.002 -10"><span class='ocrx_word' id='word_1_161' title='bbox 142 1341 226 1368; x_wconf 79' lang='lat' dir='ltr'>quam</span> <span class='ocrx_word' id='word_1_162' title='bbox 245 1333 318 1359; x_wconf 88' lang='lat' dir='ltr'>idem</span> <span class='ocrx_word' id='word_1_163' title='bbox 336 1332 471 1358; x_wconf 89' lang='lat' dir='ltr'>dominus</span> <span class='ocrx_word' id='word_1_164' title='bbox 486 1341 557 1367; x_wconf 87' lang='lat' dir='ltr'>papa</span> <span class='ocrx_word' id='word_1_165' title='bbox 573 1332 600 1358; x_wconf 92' lang='lat' dir='ltr'>in</span> <span class='ocrx_word' id='word_1_166' title='bbox 617 1333 783 1367; x_wconf 84' lang='lat' dir='ltr'>apostolicis</span> <span class='ocrx_word' id='word_1_167' title='bbox 799 1333 906 1359; x_wconf 89' lang='lat' dir='ltr'>licteris</span> <span class='ocrx_word' id='word_1_168' title='bbox 922 1333 1109 1360; x_wconf 86' lang='lat' dir='ltr'>conficiendis</span> 
     </span>
     <span class='ocr_line' id='line_1_22' title="bbox 143 1381 1108 1416; baseline 0.001 -8"><span class='ocrx_word' id='word_1_169' title='bbox 143 1389 230 1416; x_wconf 88' lang='lat' dir='ltr'>super</span> <span class='ocrx_word' id='word_1_170' title='bbox 255 1381 444 1407; x_wconf 87' lang='lat' dir='ltr'>concessione</span> <span class='ocrx_word' id='word_1_171' title='bbox 469 1381 545 1407; x_wconf 90' lang='lat' dir='ltr'>dicte</span> <span class='ocrx_word' id='word_1_172' title='bbox 569 1381 660 1416; x_wconf 85' lang='lat' dir='ltr'>gratie</span> <span class='ocrx_word' id='word_1_173' title='bbox 685 1381 800 1408; x_wconf 85' lang='lat' dir='ltr'>duxerit</span> <span class='ocrx_word' id='word_1_174' title='bbox 822 1382 1041 1416; x_wconf 88' lang='lat' dir='ltr'>exprimendum</span> <span class='ocrx_word' id='word_1_175' title='bbox 1066 1383 1108 1409; x_wconf 91' lang='lat' dir='ltr'>vel</span> 
     </span>
     <span class='ocr_line' id='line_1_23' title="bbox 143 1430 1108 1465; baseline 0.001 -9"><span class='ocrx_word' id='word_1_176' title='bbox 143 1430 368 1465; x_wconf 76' lang='lat' dir='ltr'>exprimendam.</span> <span class='ocrx_word' id='word_1_177' title='bbox 386 1430 440 1462; x_wconf 78' lang='lat' dir='ltr'>Qui</span> <span class='ocrx_word' id='word_1_178' title='bbox 462 1430 595 1457; x_wconf 87' lang='lat' dir='ltr'>videlicet</span> <span class='ocrx_word' id='word_1_179' title='bbox 611 1434 770 1465; x_wconf 86' lang='lat' dir='ltr'>potestates</span> <span class='ocrx_word' id='word_1_180' title='bbox 786 1436 813 1457; x_wconf 91' lang='lat' dir='ltr'>et</span> <span class='ocrx_word' id='word_1_181' title='bbox 829 1431 961 1458; x_wconf 85' lang='lat' dir='ltr'>officiales</span> <span class='ocrx_word' id='word_1_182' title='bbox 978 1432 1064 1458; x_wconf 89' lang='lat' dir='ltr'>libere</span> <span class='ocrx_word' id='word_1_183' title='bbox 1081 1433 1108 1458; x_wconf 96' lang='lat' dir='ltr'>in</span> 
     </span>
     <span class='ocr_line' id='line_1_24' title="bbox 143 1479 1108 1515; baseline 0.001 -10"><span class='ocrx_word' id='word_1_184' title='bbox 143 1483 218 1505; x_wconf 88' lang='lat' dir='ltr'>terra</span> <span class='ocrx_word' id='word_1_185' title='bbox 237 1483 265 1505; x_wconf 88' lang='lat' dir='ltr'>et</span> <span class='ocrx_word' id='word_1_186' title='bbox 286 1479 427 1505; x_wconf 90' lang='lat' dir='ltr'>territorio</span> <span class='ocrx_word' id='word_1_187' title='bbox 451 1479 519 1505; x_wconf 87' lang='lat' dir='ltr'>dicti</span> <span class='ocrx_word' id='word_1_188' title='bbox 540 1480 626 1506; x_wconf 81' lang='lat' dir='ltr'>castri</span> <span class='ocrx_word' id='word_1_189' title='bbox 648 1479 682 1505; x_wconf 88' lang='lat' dir='ltr'>de</span> <span class='ocrx_word' id='word_1_190' title='bbox 704 1480 837 1506; x_wconf 91' lang='lat' dir='ltr'>omnibus</span> <span class='ocrx_word' id='word_1_191' title='bbox 857 1488 1032 1514; x_wconf 80' lang='lat' dir='ltr'>cognoscere</span> <span class='ocrx_word' id='word_1_192' title='bbox 1051 1481 1108 1515; x_wconf 88' lang='lat' dir='ltr'>ple-</span> 
     </span>
     <span class='ocr_line' id='line_1_25' title="bbox 145 1527 1107 1563; baseline 0.001 -9"><span class='ocrx_word' id='word_1_193' title='bbox 145 1536 268 1562; x_wconf 88' lang='lat' dir='ltr'>namque</span> <span class='ocrx_word' id='word_1_194' title='bbox 285 1528 397 1562; x_wconf 87' lang='lat' dir='ltr'>possint</span> <span class='ocrx_word' id='word_1_195' title='bbox 415 1527 558 1562; x_wconf 78' lang='lat' dir='ltr'>jtistitiam</span> <span class='ocrx_word' id='word_1_196' title='bbox 574 1528 676 1560; x_wconf 74' lang='lat' dir='ltr'>facere,</span> <span class='ocrx_word' id='word_1_197' title='bbox 695 1533 751 1554; x_wconf 87' lang='lat' dir='ltr'>tam</span> <span class='ocrx_word' id='word_1_198' title='bbox 767 1529 794 1554; x_wconf 90' lang='lat' dir='ltr'>in</span> <span class='ocrx_word' id='word_1_199' title='bbox 811 1529 1008 1555; x_wconf 80' lang='lat' dir='ltr'>criminalibus</span> <span class='ocrx_word' id='word_1_200' title='bbox 1024 1538 1107 1563; x_wconf 87' lang='lat' dir='ltr'>quam</span> 
     </span>
     <span class='ocr_line' id='line_1_26' title="bbox 146 1577 1108 1611; baseline 0.002 -9"><span class='ocrx_word' id='word_1_201' title='bbox 146 1577 173 1602; x_wconf 93' lang='lat' dir='ltr'>in</span> <span class='ocrx_word' id='word_1_202' title='bbox 191 1577 336 1608; x_wconf 79' lang='lat' dir='ltr'>civilibus,</span> <span class='ocrx_word' id='word_1_203' title='bbox 349 1580 444 1611; x_wconf 90' lang='lat' dir='ltr'>preter</span> <span class='ocrx_word' id='word_1_204' title='bbox 454 1585 539 1611; x_wconf 87' lang='lat' dir='ltr'>quam</span> <span class='ocrx_word' id='word_1_205' title='bbox 553 1577 579 1602; x_wconf 90' lang='lat' dir='ltr'>in</span> <span class='ocrx_word' id='word_1_206' title='bbox 592 1577 763 1603; x_wconf 84' lang='lat' dir='ltr'>criminibus</span> <span class='ocrx_word' id='word_1_207' title='bbox 774 1578 834 1603; x_wconf 74' lang='lat' dir='ltr'>lese</span> <span class='ocrx_word' id='word_1_208' title='bbox 847 1579 1005 1611; x_wconf 74' lang='lat' dir='ltr'>majestatis</span> <span class='ocrx_word' id='word_1_209' title='bbox 1020 1582 1047 1604; x_wconf 89' lang='lat' dir='ltr'>et</span> <span class='ocrx_word' id='word_1_210' title='bbox 1060 1579 1108 1603; x_wconf 87' lang='lat' dir='ltr'>be-</span> 
     </span>
     <span class='ocr_line' id='line_1_27' title="bbox 148 1626 1109 1662; baseline 0.002 -10"><span class='ocrx_word' id='word_1_211' title='bbox 148 1627 236 1652; x_wconf 88' lang='lat' dir='ltr'>retice</span> <span class='ocrx_word' id='word_1_212' title='bbox 254 1626 401 1660; x_wconf 77' lang='lat' dir='ltr'>pravitatis</span> <span class='ocrx_word' id='word_1_213' title='bbox 417 1630 445 1652; x_wconf 94' lang='lat' dir='ltr'>et</span> <span class='ocrx_word' id='word_1_214' title='bbox 461 1626 487 1652; x_wconf 92' lang='lat' dir='ltr'>in</span> <span class='ocrx_word' id='word_1_215' title='bbox 505 1626 658 1652; x_wconf 89' lang='lat' dir='ltr'>homicidio</span> <span class='ocrx_word' id='word_1_216' title='bbox 670 1630 698 1653; x_wconf 86' lang='lat' dir='ltr'>et</span> <span class='ocrx_word' id='word_1_217' title='bbox 709 1627 858 1659; x_wconf 76' lang='lat' dir='ltr'>adulterio,</span> <span class='ocrx_word' id='word_1_218' title='bbox 871 1631 952 1662; x_wconf 79' lang='lat' dir='ltr'>raptu</span> <span class='ocrx_word' id='word_1_219' title='bbox 965 1627 1109 1662; x_wconf 80' lang='lat' dir='ltr'>virginum</span> 
     </span>
     <span class='ocr_line' id='line_1_28' title="bbox 144 1674 1110 1711; baseline 0.001 -10"><span class='ocrx_word' id='word_1_220' title='bbox 144 1678 172 1701; x_wconf 89' lang='lat' dir='ltr'>et</span> <span class='ocrx_word' id='word_1_221' title='bbox 189 1674 321 1700; x_wconf 85' lang='lat' dir='ltr'>incendio</span> <span class='ocrx_word' id='word_1_222' title='bbox 342 1674 472 1700; x_wconf 85' lang='lat' dir='ltr'>studiose</span> <span class='ocrx_word' id='word_1_223' title='bbox 488 1674 560 1701; x_wconf 79' lang='lat' dir='ltr'>sacto</span> <span class='ocrx_word' id='word_1_224' title='bbox 576 1678 603 1701; x_wconf 86' lang='lat' dir='ltr'>et</span> <span class='ocrx_word' id='word_1_225' title='bbox 618 1675 693 1701; x_wconf 81' lang='lat' dir='ltr'>furto</span> <span class='ocrx_word' id='word_1_226' title='bbox 710 1676 792 1702; x_wconf 83' lang='lat' dir='ltr'>etiam</span> <span class='ocrx_word' id='word_1_227' title='bbox 811 1676 976 1709; x_wconf 76' lang='lat' dir='ltr'>manifesto,</span> <span class='ocrx_word' id='word_1_228' title='bbox 996 1681 1110 1711; x_wconf 88' lang='lat' dir='ltr'>propter</span> 
     </span>
     <span class='ocr_line' id='line_1_29' title="bbox 144 1723 1110 1759; baseline 0.002 -10"><span class='ocrx_word' id='word_1_229' title='bbox 144 1724 219 1758; x_wconf 90' lang='lat' dir='ltr'>quod</span> <span class='ocrx_word' id='word_1_230' title='bbox 244 1723 358 1758; x_wconf 82' lang='lat' dir='ltr'>quidem</span> <span class='ocrx_word' id='word_1_231' title='bbox 385 1725 491 1750; x_wconf 82' lang='lat' dir='ltr'>furtum</span> <span class='ocrx_word' id='word_1_232' title='bbox 512 1732 563 1750; x_wconf 88' lang='lat' dir='ltr'>seu</span> <span class='ocrx_word' id='word_1_233' title='bbox 586 1725 672 1759; x_wconf 86' lang='lat' dir='ltr'>cujus</span> <span class='ocrx_word' id='word_1_234' title='bbox 696 1726 847 1751; x_wconf 81' lang='lat' dir='ltr'>occasione</span> <span class='ocrx_word' id='word_1_235' title='bbox 872 1733 1020 1759; x_wconf 82' lang='lat' dir='ltr'>personam</span> <span class='ocrx_word' id='word_1_236' title='bbox 1045 1727 1110 1759; x_wconf 82' lang='lat' dir='ltr'>quis</span> 
     </span>
     <span class='ocr_line' id='line_1_30' title="bbox 145 1772 1110 1805; baseline 0.001 -7"><span class='ocrx_word' id='word_1_237' title='bbox 145 1776 192 1798; x_wconf 86' lang='lat' dir='ltr'>aut</span> <span class='ocrx_word' id='word_1_238' title='bbox 210 1772 369 1798; x_wconf 80' lang='lat' dir='ltr'>membrum</span> <span class='ocrx_word' id='word_1_239' title='bbox 393 1773 511 1799; x_wconf 85' lang='lat' dir='ltr'>deberet</span> <span class='ocrx_word' id='word_1_240' title='bbox 535 1773 711 1805; x_wconf 80' lang='lat' dir='ltr'>ammictere,</span> <span class='ocrx_word' id='word_1_241' title='bbox 736 1781 844 1799; x_wconf 89' lang='lat' dir='ltr'>necnon</span> <span class='ocrx_word' id='word_1_242' title='bbox 867 1778 894 1800; x_wconf 84' lang='lat' dir='ltr'>et</span> <span class='ocrx_word' id='word_1_243' title='bbox 921 1774 1066 1799; x_wconf 87' lang='lat' dir='ltr'>latrocinio</span> <span class='ocrx_word' id='word_1_244' title='bbox 1083 1777 1110 1800; x_wconf 90' lang='lat' dir='ltr'>et</span> 
     </span>
     <span class='ocr_line' id='line_1_31' title="bbox 144 1821 1109 1853; baseline 0.003 -7"><span class='ocrx_word' id='word_1_245' title='bbox 144 1821 328 1847; x_wconf 76' lang='lat' dir='ltr'>dei-obatione</span> <span class='ocrx_word' id='word_1_246' title='bbox 352 1829 402 1847; x_wconf 90' lang='lat' dir='ltr'>seu</span> <span class='ocrx_word' id='word_1_247' title='bbox 426 1822 564 1848; x_wconf 79' lang='lat' dir='ltr'>fractione</span> <span class='ocrx_word' id='word_1_248' title='bbox 586 1825 758 1853; x_wconf 83' lang='lat' dir='ltr'>stratarum;</span> <span class='ocrx_word' id='word_1_249' title='bbox 784 1823 836 1848; x_wconf 87' lang='lat' dir='ltr'>boc</span> <span class='ocrx_word' id='word_1_250' title='bbox 856 1827 948 1848; x_wconf 77' lang='lat' dir='ltr'>autem</span> <span class='ocrx_word' id='word_1_251' title='bbox 967 1823 1109 1849; x_wconf 73' lang='lat' dir='ltr'>intellecto</span> 
     </span>
     <span class='ocr_line' id='line_1_32' title="bbox 143 1869 1110 1905; baseline 0.002 -10"><span class='ocrx_word' id='word_1_252' title='bbox 143 1870 217 1903; x_wconf 91' lang='lat' dir='ltr'>quod</span> <span class='ocrx_word' id='word_1_253' title='bbox 234 1870 395 1896; x_wconf 90' lang='lat' dir='ltr'>rectoribus</span> <span class='ocrx_word' id='word_1_254' title='bbox 412 1869 537 1896; x_wconf 84' lang='lat' dir='ltr'>Marcbie</span> <span class='ocrx_word' id='word_1_255' title='bbox 553 1871 600 1905; x_wconf 91' lang='lat' dir='ltr'>qui</span> <span class='ocrx_word' id='word_1_256' title='bbox 619 1879 669 1904; x_wconf 88' lang='lat' dir='ltr'>pro</span> <span class='ocrx_word' id='word_1_257' title='bbox 684 1875 811 1902; x_wconf 86' lang='lat' dir='ltr'>tempore</span> <span class='ocrx_word' id='word_1_258' title='bbox 828 1871 932 1897; x_wconf 83' lang='lat' dir='ltr'>suerint</span> <span class='ocrx_word' id='word_1_259' title='bbox 949 1880 1002 1897; x_wconf 82' lang='lat' dir='ltr'>uon</span> <span class='ocrx_word' id='word_1_260' title='bbox 1020 1880 1110 1905; x_wconf 82' lang='lat' dir='ltr'>gene-</span> 
     </span>
     <span class='ocr_line' id='line_1_33' title="bbox 143 1918 1110 1953; baseline 0.002 -9"><span class='ocrx_word' id='word_1_261' title='bbox 143 1924 224 1945; x_wconf 88' lang='lat' dir='ltr'>retur</span> <span class='ocrx_word' id='word_1_262' title='bbox 249 1918 441 1952; x_wconf 83' lang='lat' dir='ltr'>prejudicium</span> <span class='ocrx_word' id='word_1_263' title='bbox 465 1919 533 1953; x_wconf 90' lang='lat' dir='ltr'>quin</span> <span class='ocrx_word' id='word_1_264' title='bbox 561 1919 692 1945; x_wconf 81' lang='lat' dir='ltr'>homines</span> <span class='ocrx_word' id='word_1_265' title='bbox 717 1919 784 1945; x_wconf 89' lang='lat' dir='ltr'>dicti</span> <span class='ocrx_word' id='word_1_266' title='bbox 807 1921 939 1945; x_wconf 89' lang='lat' dir='ltr'>comunis</span> <span class='ocrx_word' id='word_1_267' title='bbox 968 1921 1009 1945; x_wconf 87' lang='lat' dir='ltr'>vel</span> <span class='ocrx_word' id='word_1_268' title='bbox 1037 1924 1110 1946; x_wconf 85' lang='lat' dir='ltr'>terre</span> 
     </span>
     <span class='ocr_line' id='line_1_34' title="bbox 145 1967 1110 2002; baseline 0.001 -9"><span class='ocrx_word' id='word_1_269' title='bbox 145 1967 272 2002; x_wconf 88' lang='lat' dir='ltr'>ipsorum</span> <span class='ocrx_word' id='word_1_270' title='bbox 289 1967 402 2001; x_wconf 87' lang='lat' dir='ltr'>possint</span> <span class='ocrx_word' id='word_1_271' title='bbox 421 1967 454 1993; x_wconf 88' lang='lat' dir='ltr'>ad</span> <span class='ocrx_word' id='word_1_272' title='bbox 476 1976 526 1993; x_wconf 89' lang='lat' dir='ltr'>eos</span> <span class='ocrx_word' id='word_1_273' title='bbox 550 1975 615 1993; x_wconf 88' lang='lat' dir='ltr'>cum</span> <span class='ocrx_word' id='word_1_274' title='bbox 639 1967 693 1993; x_wconf 91' lang='lat' dir='ltr'>sibi</span> <span class='ocrx_word' id='word_1_275' title='bbox 717 1968 851 2002; x_wconf 83' lang='lat' dir='ltr'>expedire</span> <span class='ocrx_word' id='word_1_276' title='bbox 874 1969 1033 2001; x_wconf 80' lang='lat' dir='ltr'>putaverint</span> <span class='ocrx_word' id='word_1_277' title='bbox 1054 1974 1110 1995; x_wconf 81' lang='lat' dir='ltr'>tam</span> 
     </span>
     <span class='ocr_line' id='line_1_35' title="bbox 144 2015 1110 2050; baseline 0.002 -8"><span class='ocrx_word' id='word_1_278' title='bbox 144 2015 343 2050; x_wconf 78' lang='lat' dir='ltr'>appellationis</span> <span class='ocrx_word' id='word_1_279' title='bbox 359 2024 443 2050; x_wconf 85' lang='lat' dir='ltr'>quam</span> <span class='ocrx_word' id='word_1_280' title='bbox 460 2016 601 2050; x_wconf 89' lang='lat' dir='ltr'>simplicis</span> <span class='ocrx_word' id='word_1_281' title='bbox 625 2017 802 2050; x_wconf 78' lang='lat' dir='ltr'>querimonie</span> <span class='ocrx_word' id='word_1_282' title='bbox 821 2024 908 2043; x_wconf 80' lang='lat' dir='ltr'>causa</span> <span class='ocrx_word' id='word_1_283' title='bbox 926 2018 1045 2043; x_wconf 80' lang='lat' dir='ltr'>liberum</span> <span class='ocrx_word' id='word_1_284' title='bbox 1062 2018 1110 2044; x_wconf 79' lang='lat' dir='ltr'>lia-</span> 
     </span>
     <span class='ocr_line' id='line_1_36' title="bbox 146 2063 1110 2100; baseline 0.002 -10"><span class='ocrx_word' id='word_1_285' title='bbox 146 2065 211 2090; x_wconf 90' lang='lat' dir='ltr'>bere</span> <span class='ocrx_word' id='word_1_286' title='bbox 226 2072 388 2091; x_wconf 84' lang='lat' dir='ltr'>recursum.</span> <span class='ocrx_word' id='word_1_287' title='bbox 403 2063 526 2099; x_wconf 87' lang='lat' dir='ltr'>Insuper</span> <span class='ocrx_word' id='word_1_288' title='bbox 539 2065 669 2099; x_wconf 80' lang='lat' dir='ltr'>promisit</span> <span class='ocrx_word' id='word_1_289' title='bbox 681 2065 775 2091; x_wconf 88' lang='lat' dir='ltr'>dictus</span> <span class='ocrx_word' id='word_1_290' title='bbox 787 2065 916 2091; x_wconf 80' lang='lat' dir='ltr'>sindicus</span> <span class='ocrx_word' id='word_1_291' title='bbox 929 2067 1042 2092; x_wconf 83' lang='lat' dir='ltr'>nomine</span> <span class='ocrx_word' id='word_1_292' title='bbox 1055 2075 1110 2100; x_wconf 84' lang='lat' dir='ltr'>quo</span> 
     </span>
     <span class='ocr_line' id='line_1_37' title="bbox 146 2113 1110 2148; baseline 0.002 -10"><span class='ocrx_word' id='word_1_293' title='bbox 146 2121 234 2147; x_wconf 85' lang='lat' dir='ltr'>supra</span> <span class='ocrx_word' id='word_1_294' title='bbox 257 2113 333 2138; x_wconf 88' lang='lat' dir='ltr'>dicto</span> <span class='ocrx_word' id='word_1_295' title='bbox 357 2113 472 2139; x_wconf 90' lang='lat' dir='ltr'>domino</span> <span class='ocrx_word' id='word_1_296' title='bbox 497 2113 667 2144; x_wconf 83' lang='lat' dir='ltr'>camerario,</span> <span class='ocrx_word' id='word_1_297' title='bbox 689 2113 837 2148; x_wconf 83' lang='lat' dir='ltr'>recipienti</span> <span class='ocrx_word' id='word_1_298' title='bbox 859 2123 908 2148; x_wconf 92' lang='lat' dir='ltr'>pro</span> <span class='ocrx_word' id='word_1_299' title='bbox 926 2115 1042 2148; x_wconf 77' lang='lat' dir='ltr'>prefatis</span> <span class='ocrx_word' id='word_1_300' title='bbox 1058 2115 1110 2141; x_wconf 87' lang='lat' dir='ltr'>do-</span> 
     </span>
     <span class='ocr_line' id='line_1_38' title="bbox 146 2160 1111 2197; baseline 0.002 -10"><span class='ocrx_word' id='word_1_301' title='bbox 146 2161 223 2187; x_wconf 90' lang='lat' dir='ltr'>mino</span> <span class='ocrx_word' id='word_1_302' title='bbox 241 2170 322 2195; x_wconf 75' lang='lat' dir='ltr'>papa,</span> <span class='ocrx_word' id='word_1_303' title='bbox 338 2160 466 2186; x_wconf 72' lang='lat' dir='ltr'>Romana</span> <span class='ocrx_word' id='word_1_304' title='bbox 482 2161 604 2187; x_wconf 83' lang='lat' dir='ltr'>ecclesia</span> <span class='ocrx_word' id='word_1_305' title='bbox 620 2164 648 2187; x_wconf 89' lang='lat' dir='ltr'>et</span> <span class='ocrx_word' id='word_1_306' title='bbox 664 2169 776 2187; x_wconf 79' lang='lat' dir='ltr'>camera</span> <span class='ocrx_word' id='word_1_307' title='bbox 793 2163 866 2196; x_wconf 77' lang='lat' dir='ltr'>ejus⁷</span> <span class='ocrx_word' id='word_1_308' title='bbox 885 2163 959 2196; x_wconf 86' lang='lat' dir='ltr'>quod</span> <span class='ocrx_word' id='word_1_309' title='bbox 976 2164 1111 2197; x_wconf 80' lang='lat' dir='ltr'>quotiens</span> 
     </span>
     <span class='ocr_line' id='line_1_39' title="bbox 145 2210 1110 2246; baseline 0.003 -11"><span class='ocrx_word' id='word_1_310' title='bbox 145 2211 239 2245; x_wconf 88' lang='lat' dir='ltr'>ipsum</span> <span class='ocrx_word' id='word_1_311' title='bbox 264 2217 388 2235; x_wconf 89' lang='lat' dir='ltr'>comune</span> <span class='ocrx_word' id='word_1_312' title='bbox 412 2217 527 2236; x_wconf 81' lang='lat' dir='ltr'>cessare</span> <span class='ocrx_word' id='word_1_313' title='bbox 548 2210 702 2244; x_wconf 84' lang='lat' dir='ltr'>contigerit</span> <span class='ocrx_word' id='word_1_314' title='bbox 721 2210 749 2236; x_wconf 92' lang='lat' dir='ltr'>in</span> <span class='ocrx_word' id='word_1_315' title='bbox 773 2211 914 2237; x_wconf 89' lang='lat' dir='ltr'>solutione</span> <span class='ocrx_word' id='word_1_316' title='bbox 939 2216 967 2237; x_wconf 91' lang='lat' dir='ltr'>ut</span> <span class='ocrx_word' id='word_1_317' title='bbox 989 2213 1110 2246; x_wconf 81' lang='lat' dir='ltr'>premie-</span> 
     </span>
     <span class='ocr_line' id='line_1_40' title="bbox 145 2258 1110 2293; baseline 0.002 -8"><span class='ocrx_word' id='word_1_318' title='bbox 145 2259 214 2285; x_wconf 87' lang='lat' dir='ltr'>titur</span> <span class='ocrx_word' id='word_1_319' title='bbox 237 2258 377 2284; x_wconf 77' lang='lat' dir='ltr'>dictarum</span> <span class='ocrx_word' id='word_1_320' title='bbox 403 2263 517 2284; x_wconf 83' lang='lat' dir='ltr'>centum</span> <span class='ocrx_word' id='word_1_321' title='bbox 546 2258 663 2293; x_wconf 82' lang='lat' dir='ltr'>triginta</span> <span class='ocrx_word' id='word_1_322' title='bbox 687 2259 839 2292; x_wconf 73' lang='lat' dir='ltr'>librarum,</span> <span class='ocrx_word' id='word_1_323' title='bbox 867 2262 972 2286; x_wconf 81' lang='lat' dir='ltr'>totiens</span> <span class='ocrx_word' id='word_1_324' title='bbox 998 2262 1110 2287; x_wconf 90' lang='lat' dir='ltr'>nomine</span> 
     </span>
     <span class='ocr_line' id='line_1_41' title="bbox 145 2307 1111 2344; baseline 0.004 -12"><span class='ocrx_word' id='word_1_325' title='bbox 145 2315 217 2342; x_wconf 79' lang='lat' dir='ltr'>pene</span> <span class='ocrx_word' id='word_1_326' title='bbox 233 2307 302 2333; x_wconf 81' lang='lat' dir='ltr'>alias</span> <span class='ocrx_word' id='word_1_327' title='bbox 319 2311 433 2333; x_wconf 80' lang='lat' dir='ltr'>centum</span> <span class='ocrx_word' id='word_1_328' title='bbox 451 2307 568 2341; x_wconf 82' lang='lat' dir='ltr'>triginta</span> <span class='ocrx_word' id='word_1_329' title='bbox 584 2307 671 2333; x_wconf 89' lang='lat' dir='ltr'>libras</span> <span class='ocrx_word' id='word_1_330' title='bbox 692 2308 816 2342; x_wconf 82' lang='lat' dir='ltr'>predicte</span> <span class='ocrx_word' id='word_1_331' title='bbox 839 2314 950 2335; x_wconf 81' lang='lat' dir='ltr'>monete</span> <span class='ocrx_word' id='word_1_332' title='bbox 969 2310 1111 2344; x_wconf 82' lang='lat' dir='ltr'>persolvet</span> 
     </span>
     <span class='ocr_line' id='line_1_42' title="bbox 144 2355 1109 2392; baseline 0.003 -11"><span class='ocrx_word' id='word_1_333' title='bbox 144 2355 256 2390; x_wconf 85' lang='lat' dir='ltr'>integre</span> <span class='ocrx_word' id='word_1_334' title='bbox 273 2364 384 2382; x_wconf 85' lang='lat' dir='ltr'>camere</span> <span class='ocrx_word' id='word_1_335' title='bbox 405 2358 570 2381; x_wconf 89' lang='lat' dir='ltr'>memorate.</span> <span class='ocrx_word' id='word_1_336' title='bbox 590 2355 625 2382; x_wconf 88' lang='lat' dir='ltr'>Et</span> <span class='ocrx_word' id='word_1_337' title='bbox 646 2356 849 2383; x_wconf 86' lang='lat' dir='ltr'>nichilominus</span> <span class='ocrx_word' id='word_1_338' title='bbox 870 2359 1000 2391; x_wconf 88' lang='lat' dir='ltr'>promisit</span> <span class='ocrx_word' id='word_1_339' title='bbox 1015 2358 1109 2392; x_wconf 88' lang='lat' dir='ltr'>ipsum</span> 
     </span>
     <span class='ocr_line' id='line_1_43' title="bbox 145 2404 1112 2440; baseline 0.002 -10"><span class='ocrx_word' id='word_1_340' title='bbox 145 2412 267 2431; x_wconf 88' lang='lat' dir='ltr'>comune</span> <span class='ocrx_word' id='word_1_341' title='bbox 291 2405 387 2430; x_wconf 83' lang='lat' dir='ltr'>onmia</span> <span class='ocrx_word' id='word_1_342' title='bbox 411 2404 549 2439; x_wconf 83' lang='lat' dir='ltr'>dampna,</span> <span class='ocrx_word' id='word_1_343' title='bbox 573 2413 718 2439; x_wconf 88' lang='lat' dir='ltr'>expensas</span> <span class='ocrx_word' id='word_1_344' title='bbox 738 2408 766 2431; x_wconf 90' lang='lat' dir='ltr'>et</span> <span class='ocrx_word' id='word_1_345' title='bbox 791 2405 931 2432; x_wconf 85' lang='lat' dir='ltr'>interesse</span> <span class='ocrx_word' id='word_1_346' title='bbox 957 2414 1013 2440; x_wconf 90' lang='lat' dir='ltr'>que</span> <span class='ocrx_word' id='word_1_347' title='bbox 1036 2406 1112 2432; x_wconf 84' lang='lat' dir='ltr'>dicta</span> 
     </span>
     <span class='ocr_line' id='line_1_44' title="bbox 145 2452 1110 2488; baseline 0.001 -8"><span class='ocrx_word' id='word_1_348' title='bbox 145 2461 257 2480; x_wconf 86' lang='lat' dir='ltr'>camera</span> <span class='ocrx_word' id='word_1_349' title='bbox 282 2452 391 2479; x_wconf 90' lang='lat' dir='ltr'>domini</span> <span class='ocrx_word' id='word_1_350' title='bbox 414 2461 485 2488; x_wconf 85' lang='lat' dir='ltr'>pape</span> <span class='ocrx_word' id='word_1_351' title='bbox 506 2453 666 2479; x_wconf 87' lang='lat' dir='ltr'>incurreret</span> <span class='ocrx_word' id='word_1_352' title='bbox 687 2454 712 2479; x_wconf 91' lang='lat' dir='ltr'>si</span> <span class='ocrx_word' id='word_1_353' title='bbox 734 2454 806 2480; x_wconf 82' lang='lat' dir='ltr'>ultra</span> <span class='ocrx_word' id='word_1_354' title='bbox 831 2455 984 2480; x_wconf 86' lang='lat' dir='ltr'>terminum</span> <span class='ocrx_word' id='word_1_355' title='bbox 1005 2455 1110 2481; x_wconf 90' lang='lat' dir='ltr'>solutio</span> 
     </span>
     <span class='ocr_line' id='line_1_45' title="bbox 144 2501 1111 2536; baseline 0.002 -9"><span class='ocrx_word' id='word_1_356' title='bbox 144 2501 238 2536; x_wconf 93' lang='lat' dir='ltr'>ipsius</span> <span class='ocrx_word' id='word_1_357' title='bbox 255 2502 375 2536; x_wconf 86' lang='lat' dir='ltr'>pecunie</span> <span class='ocrx_word' id='word_1_358' title='bbox 398 2501 560 2528; x_wconf 79' lang='lat' dir='ltr'>differretur</span> <span class='ocrx_word' id='word_1_359' title='bbox 581 2501 609 2528; x_wconf 94' lang='lat' dir='ltr'>in</span> <span class='ocrx_word' id='word_1_360' title='bbox 631 2502 776 2536; x_wconf 85' lang='lat' dir='ltr'>integrum</span> <span class='ocrx_word' id='word_1_361' title='bbox 797 2502 870 2529; x_wconf 91' lang='lat' dir='ltr'>dicte</span> <span class='ocrx_word' id='word_1_362' title='bbox 893 2511 1005 2529; x_wconf 87' lang='lat' dir='ltr'>camere</span> <span class='ocrx_word' id='word_1_363' title='bbox 1027 2504 1111 2530; x_wconf 91' lang='lat' dir='ltr'>resti-</span> 
     </span>
     <span class='ocr_line' id='line_1_46' title="bbox 144 2550 1110 2587; baseline 0.002 -10"><span class='ocrx_word' id='word_1_364' title='bbox 144 2553 225 2577; x_wconf 90' lang='lat' dir='ltr'>tuere</span> <span class='ocrx_word' id='word_1_365' title='bbox 251 2558 284 2576; x_wconf 86' lang='lat' dir='ltr'>ac</span> <span class='ocrx_word' id='word_1_366' title='bbox 309 2551 393 2577; x_wconf 84' lang='lat' dir='ltr'>etiam</span> <span class='ocrx_word' id='word_1_367' title='bbox 419 2551 570 2578; x_wconf 83' lang='lat' dir='ltr'>resarcire.</span> <span class='ocrx_word' id='word_1_368' title='bbox 594 2550 688 2585; x_wconf 85' lang='lat' dir='ltr'>Super</span> <span class='ocrx_word' id='word_1_369' title='bbox 711 2551 817 2585; x_wconf 90' lang='lat' dir='ltr'>quibus</span> <span class='ocrx_word' id='word_1_370' title='bbox 840 2552 962 2578; x_wconf 80' lang='lat' dir='ltr'>stabitur</span> <span class='ocrx_word' id='word_1_371' title='bbox 986 2553 1110 2587; x_wconf 83' lang='lat' dir='ltr'>simplici</span> 
     </span>
     <span class='ocr_line' id='line_1_47' title="bbox 145 2599 1110 2635; baseline 0.002 -10"><span class='ocrx_word' id='word_1_372' title='bbox 145 2599 231 2626; x_wconf 88' lang='lat' dir='ltr'>verbo</span> <span class='ocrx_word' id='word_1_373' title='bbox 247 2600 396 2626; x_wconf 86' lang='lat' dir='ltr'>camerarii</span> <span class='ocrx_word' id='word_1_374' title='bbox 411 2599 568 2634; x_wconf 88' lang='lat' dir='ltr'>apostolice</span> <span class='ocrx_word' id='word_1_375' title='bbox 583 2599 662 2626; x_wconf 89' lang='lat' dir='ltr'>sedis</span> <span class='ocrx_word' id='word_1_376' title='bbox 680 2601 729 2633; x_wconf 90' lang='lat' dir='ltr'>qui</span> <span class='ocrx_word' id='word_1_377' title='bbox 750 2599 802 2626; x_wconf 86' lang='lat' dir='ltr'>erit</span> <span class='ocrx_word' id='word_1_378' title='bbox 823 2608 872 2634; x_wconf 90' lang='lat' dir='ltr'>pro</span> <span class='ocrx_word' id='word_1_379' title='bbox 893 2604 1030 2635; x_wconf 88' lang='lat' dir='ltr'>tempore.</span> <span class='ocrx_word' id='word_1_380' title='bbox 1048 2600 1110 2632; x_wconf 81' lang='lat' dir='ltr'>Que</span> 
     </span>
     <span class='ocr_line' id='line_1_48' title="bbox 144 2648 1112 2683; baseline 0.003 -9"><span class='ocrx_word' id='word_1_381' title='bbox 144 2649 239 2675; x_wconf 86' lang='lat' dir='ltr'>omnia</span> <span class='ocrx_word' id='word_1_382' title='bbox 255 2653 283 2674; x_wconf 85' lang='lat' dir='ltr'>et</span> <span class='ocrx_word' id='word_1_383' title='bbox 304 2648 418 2683; x_wconf 82' lang='lat' dir='ltr'>singula</span> <span class='ocrx_word' id='word_1_384' title='bbox 441 2648 536 2675; x_wconf 87' lang='lat' dir='ltr'>dictus</span> <span class='ocrx_word' id='word_1_385' title='bbox 557 2649 688 2676; x_wconf 86' lang='lat' dir='ltr'>sindicus</span> <span class='ocrx_word' id='word_1_386' title='bbox 712 2650 825 2675; x_wconf 90' lang='lat' dir='ltr'>nomine</span> <span class='ocrx_word' id='word_1_387' title='bbox 845 2649 914 2676; x_wconf 88' lang='lat' dir='ltr'>dicti</span> <span class='ocrx_word' id='word_1_388' title='bbox 934 2651 1068 2677; x_wconf 88' lang='lat' dir='ltr'>comunis</span> <span class='ocrx_word' id='word_1_389' title='bbox 1084 2654 1112 2677; x_wconf 88' lang='lat' dir='ltr'>et</span> 
     </span>
     <span class='ocr_line' id='line_1_49' title="bbox 144 2696 1110 2732; baseline 0.003 -10"><span class='ocrx_word' id='word_1_390' title='bbox 144 2696 239 2732; x_wconf 90' lang='lat' dir='ltr'>ipsum</span> <span class='ocrx_word' id='word_1_391' title='bbox 259 2704 381 2723; x_wconf 88' lang='lat' dir='ltr'>comune</span> <span class='ocrx_word' id='word_1_392' title='bbox 403 2697 535 2731; x_wconf 89' lang='lat' dir='ltr'>promisit</span> <span class='ocrx_word' id='word_1_393' title='bbox 557 2697 585 2724; x_wconf 90' lang='lat' dir='ltr'>in</span> <span class='ocrx_word' id='word_1_394' title='bbox 610 2697 754 2731; x_wconf 83' lang='lat' dir='ltr'>integrum</span> <span class='ocrx_word' id='word_1_395' title='bbox 774 2698 867 2724; x_wconf 81' lang='lat' dir='ltr'>facere</span> <span class='ocrx_word' id='word_1_396' title='bbox 883 2698 1040 2729; x_wconf 89' lang='lat' dir='ltr'>attendere,</span> <span class='ocrx_word' id='word_1_397' title='bbox 1058 2699 1110 2725; x_wconf 90' lang='lat' dir='ltr'>ob-</span> 
     </span>
     <span class='ocr_line' id='line_1_50' title="bbox 145 2745 1111 2781; baseline 0.003 -10"><span class='ocrx_word' id='word_1_398' title='bbox 145 2753 259 2772; x_wconf 84' lang='lat' dir='ltr'>servare</span> <span class='ocrx_word' id='word_1_399' title='bbox 274 2753 308 2772; x_wconf 90' lang='lat' dir='ltr'>ac</span> <span class='ocrx_word' id='word_1_400' title='bbox 324 2745 409 2772; x_wconf 86' lang='lat' dir='ltr'>etiam</span> <span class='ocrx_word' id='word_1_401' title='bbox 421 2745 586 2781; x_wconf 89' lang='lat' dir='ltr'>adimplere,</span> <span class='ocrx_word' id='word_1_402' title='bbox 601 2746 654 2772; x_wconf 88' lang='lat' dir='ltr'>sub</span> <span class='ocrx_word' id='word_1_403' title='bbox 671 2755 743 2781; x_wconf 84' lang='lat' dir='ltr'>pena</span> <span class='ocrx_word' id='word_1_404' title='bbox 758 2746 836 2781; x_wconf 90' lang='lat' dir='ltr'>dupli</span> <span class='ocrx_word' id='word_1_405' title='bbox 852 2747 927 2773; x_wconf 91' lang='lat' dir='ltr'>dicte</span> <span class='ocrx_word' id='word_1_406' title='bbox 942 2747 1111 2781; x_wconf 84' lang='lat' dir='ltr'>quantitatis</span> 
     </span>
     <span class='ocr_line' id='line_1_51' title="bbox 147 2794 1111 2830; baseline 0.002 -10"><span class='ocrx_word' id='word_1_407' title='bbox 147 2797 174 2820; x_wconf 92' lang='lat' dir='ltr'>et</span> <span class='ocrx_word' id='word_1_408' title='bbox 190 2794 364 2829; x_wconf 85' lang='lat' dir='ltr'>obligatione</span> <span class='ocrx_word' id='word_1_409' title='bbox 379 2795 508 2821; x_wconf 91' lang='lat' dir='ltr'>omnium</span> <span class='ocrx_word' id='word_1_410' title='bbox 524 2795 662 2822; x_wconf 92' lang='lat' dir='ltr'>bonorum</span> <span class='ocrx_word' id='word_1_411' title='bbox 679 2796 747 2822; x_wconf 92' lang='lat' dir='ltr'>dicti</span> <span class='ocrx_word' id='word_1_412' title='bbox 768 2797 914 2826; x_wconf 84' lang='lat' dir='ltr'>comunis,</span> <span class='ocrx_word' id='word_1_413' title='bbox 931 2797 1111 2830; x_wconf 81' lang='lat' dir='ltr'>presentium</span> 
     </span>
     <span class='ocr_line' id='line_1_52' title="bbox 146 2843 1111 2880; baseline 0.003 -11"><span class='ocrx_word' id='word_1_414' title='bbox 146 2847 174 2870; x_wconf 90' lang='lat' dir='ltr'>et</span> <span class='ocrx_word' id='word_1_415' title='bbox 195 2843 369 2875; x_wconf 86' lang='lat' dir='ltr'>futurorum,</span> <span class='ocrx_word' id='word_1_416' title='bbox 387 2847 444 2870; x_wconf 89' lang='lat' dir='ltr'>tam</span> <span class='ocrx_word' id='word_1_417' title='bbox 461 2844 610 2871; x_wconf 91' lang='lat' dir='ltr'>mobilium</span> <span class='ocrx_word' id='word_1_418' title='bbox 632 2853 716 2879; x_wconf 85' lang='lat' dir='ltr'>quam</span> <span class='ocrx_word' id='word_1_419' title='bbox 738 2845 937 2872; x_wconf 87' lang='lat' dir='ltr'>immobilium.</span> <span class='ocrx_word' id='word_1_420' title='bbox 960 2844 1022 2877; x_wconf 82' lang='lat' dir='ltr'>Qua</span> <span class='ocrx_word' id='word_1_421' title='bbox 1039 2854 1111 2880; x_wconf 79' lang='lat' dir='ltr'>pena</span> 
     </span>
     <span class='ocr_line' id='line_1_53' title="bbox 146 2892 1112 2928; baseline 0.002 -10"><span class='ocrx_word' id='word_1_422' title='bbox 146 2892 239 2918; x_wconf 87' lang='lat' dir='ltr'>soluta</span> <span class='ocrx_word' id='word_1_423' title='bbox 255 2892 298 2918; x_wconf 91' lang='lat' dir='ltr'>vel</span> <span class='ocrx_word' id='word_1_424' title='bbox 315 2900 382 2926; x_wconf 80' lang='lat' dir='ltr'>non,</span> <span class='ocrx_word' id='word_1_425' title='bbox 401 2893 603 2920; x_wconf 85' lang='lat' dir='ltr'>nichilominus</span> <span class='ocrx_word' id='word_1_426' title='bbox 623 2894 717 2920; x_wconf 88' lang='lat' dir='ltr'>omnia</span> <span class='ocrx_word' id='word_1_427' title='bbox 737 2902 793 2928; x_wconf 88' lang='lat' dir='ltr'>que</span> <span class='ocrx_word' id='word_1_428' title='bbox 809 2894 992 2920; x_wconf 86' lang='lat' dir='ltr'>continentur</span> <span class='ocrx_word' id='word_1_429' title='bbox 1012 2895 1038 2920; x_wconf 92' lang='lat' dir='ltr'>in</span> <span class='ocrx_word' id='word_1_430' title='bbox 1059 2894 1112 2920; x_wconf 86' lang='lat' dir='ltr'>hoc</span> 
     </span>
     <span class='ocr_line' id='line_1_54' title="bbox 145 2940 1112 2968; baseline 0.002 -2"><span class='ocrx_word' id='word_1_431' title='bbox 145 2940 338 2967; x_wconf 90' lang='lat' dir='ltr'>instrumento</span> <span class='ocrx_word' id='word_1_432' title='bbox 363 2941 391 2967; x_wconf 93' lang='lat' dir='ltr'>in</span> <span class='ocrx_word' id='word_1_433' title='bbox 415 2949 468 2968; x_wconf 86' lang='lat' dir='ltr'>sua</span> <span class='ocrx_word' id='word_1_434' title='bbox 492 2946 625 2968; x_wconf 82' lang='lat' dir='ltr'>maneant</span> <span class='ocrx_word' id='word_1_435' title='bbox 646 2942 789 2968; x_wconf 82' lang='lat' dir='ltr'>firmitate.</span> <span class='ocrx_word' id='word_1_436' title='bbox 814 2942 995 2968; x_wconf 86' lang='lat' dir='ltr'>Renuntians</span> <span class='ocrx_word' id='word_1_437' title='bbox 1017 2942 1112 2968; x_wconf 86' lang='lat' dir='ltr'>dictus</span> 
     </span>
     <span class='ocr_line' id='line_1_55' title="bbox 148 2989 1112 3025; baseline 0.003 -11"><span class='ocrx_word' id='word_1_438' title='bbox 148 2989 278 3015; x_wconf 87' lang='lat' dir='ltr'>sindicus</span> <span class='ocrx_word' id='word_1_439' title='bbox 301 2989 416 3016; x_wconf 86' lang='lat' dir='ltr'>nomine</span> <span class='ocrx_word' id='word_1_440' title='bbox 436 2998 493 3025; x_wconf 89' lang='lat' dir='ltr'>quo</span> <span class='ocrx_word' id='word_1_441' title='bbox 511 2998 598 3025; x_wconf 86' lang='lat' dir='ltr'>supra</span> <span class='ocrx_word' id='word_1_442' title='bbox 618 2990 645 3016; x_wconf 91' lang='lat' dir='ltr'>in</span> <span class='ocrx_word' id='word_1_443' title='bbox 666 2990 721 3017; x_wconf 86' lang='lat' dir='ltr'>hiis</span> <span class='ocrx_word' id='word_1_444' title='bbox 740 2991 873 3017; x_wconf 90' lang='lat' dir='ltr'>omnibus</span> <span class='ocrx_word' id='word_1_445' title='bbox 893 2991 970 3017; x_wconf 91' lang='lat' dir='ltr'>omni</span> <span class='ocrx_word' id='word_1_446' title='bbox 988 2991 1063 3025; x_wconf 86' lang='lat' dir='ltr'>juris</span> <span class='ocrx_word' id='word_1_447' title='bbox 1084 2994 1112 3017; x_wconf 90' lang='lat' dir='ltr'>et</span> 
     </span>
    </p>
   </div>
   <div class='ocr_carea' id='block_1_3' title="bbox 1224 412 2186 1321">
    <p class='ocr_par' dir='ltr' id='par_1_3' title="bbox 1224 412 2185 826">
     <span class='ocr_line' id='line_1_56' title="bbox 1226 412 2184 450; baseline 0.006 -13"><span class='ocrx_word' id='word_1_448' title='bbox 1226 412 1321 446; x_wconf 85' lang='lat' dir='ltr'>legum</span> <span class='ocrx_word' id='word_1_449' title='bbox 1337 412 1442 438; x_wconf 83' lang='lat' dir='ltr'>auxilio</span> <span class='ocrx_word' id='word_1_450' title='bbox 1463 414 1592 440; x_wconf 87' lang='lat' dir='ltr'>canonici</span> <span class='ocrx_word' id='word_1_451' title='bbox 1613 418 1640 440; x_wconf 91' lang='lat' dir='ltr'>et</span> <span class='ocrx_word' id='word_1_452' title='bbox 1660 414 1752 441; x_wconf 83' lang='lat' dir='ltr'>civilis</span> <span class='ocrx_word' id='word_1_453' title='bbox 1767 419 1795 441; x_wconf 87' lang='lat' dir='ltr'>et</span> <span class='ocrx_word' id='word_1_454' title='bbox 1811 416 1971 450; x_wconf 89' lang='lat' dir='ltr'>exceptioni</span> <span class='ocrx_word' id='word_1_455' title='bbox 1988 416 2042 442; x_wconf 88' lang='lat' dir='ltr'>doli</span> <span class='ocrx_word' id='word_1_456' title='bbox 2060 422 2088 443; x_wconf 86' lang='lat' dir='ltr'>et</span> <span class='ocrx_word' id='word_1_457' title='bbox 2109 417 2184 443; x_wconf 79' lang='lat' dir='ltr'>frau-</span> 
     </span>
     <span class='ocr_line' id='line_1_57' title="bbox 1224 460 2184 494; baseline 0.007 -9"><span class='ocrx_word' id='word_1_458' title='bbox 1224 460 1284 491; x_wconf 82' lang='lat' dir='ltr'>dis,</span> <span class='ocrx_word' id='word_1_459' title='bbox 1302 460 1502 487; x_wconf 89' lang='lat' dir='ltr'>consuetudini</span> <span class='ocrx_word' id='word_1_460' title='bbox 1518 466 1545 487; x_wconf 87' lang='lat' dir='ltr'>et</span> <span class='ocrx_word' id='word_1_461' title='bbox 1561 466 1681 494; x_wconf 80' lang='lat' dir='ltr'>statuto,</span> <span class='ocrx_word' id='word_1_462' title='bbox 1704 463 1840 490; x_wconf 85' lang='lat' dir='ltr'>beneficio</span> <span class='ocrx_word' id='word_1_463' title='bbox 1862 465 2051 491; x_wconf 87' lang='lat' dir='ltr'>restitutionis</span> <span class='ocrx_word' id='word_1_464' title='bbox 2068 465 2092 491; x_wconf 93' lang='lat' dir='ltr'>in</span> <span class='ocrx_word' id='word_1_465' title='bbox 2111 467 2184 492; x_wconf 88' lang='lat' dir='ltr'>inte-</span> 
     </span>
     <span class='ocr_line' id='line_1_58' title="bbox 1225 508 2185 547; baseline 0.006 -13"><span class='ocrx_word' id='word_1_466' title='bbox 1225 517 1326 543; x_wconf 84' lang='lat' dir='ltr'>grum,</span> <span class='ocrx_word' id='word_1_467' title='bbox 1351 508 1403 534; x_wconf 83' lang='lat' dir='ltr'>sori</span> <span class='ocrx_word' id='word_1_468' title='bbox 1427 509 1589 543; x_wconf 81' lang='lat' dir='ltr'>privilegio,</span> <span class='ocrx_word' id='word_1_469' title='bbox 1614 511 1804 546; x_wconf 89' lang='lat' dir='ltr'>omnibusque</span> <span class='ocrx_word' id='word_1_470' title='bbox 1829 512 1891 538; x_wconf 88' lang='lat' dir='ltr'>aliis</span> <span class='ocrx_word' id='word_1_471' title='bbox 1915 513 2132 547; x_wconf 84' lang='lat' dir='ltr'>exceptionibus</span> <span class='ocrx_word' id='word_1_472' title='bbox 2157 519 2185 541; x_wconf 90' lang='lat' dir='ltr'>et</span> 
     </span>
     <span class='ocr_line' id='line_1_59' title="bbox 1224 557 2183 596; baseline 0.005 -13"><span class='ocrx_word' id='word_1_473' title='bbox 1224 557 1440 584; x_wconf 79' lang='lat' dir='ltr'>defensionibus</span> <span class='ocrx_word' id='word_1_474' title='bbox 1463 566 1518 592; x_wconf 88' lang='lat' dir='ltr'>que</span> <span class='ocrx_word' id='word_1_475' title='bbox 1537 562 1637 584; x_wconf 87' lang='lat' dir='ltr'>contra</span> <span class='ocrx_word' id='word_1_476' title='bbox 1657 560 1710 586; x_wconf 89' lang='lat' dir='ltr'>hoc</span> <span class='ocrx_word' id='word_1_477' title='bbox 1732 560 1952 587; x_wconf 87' lang='lat' dir='ltr'>instrumentum</span> <span class='ocrx_word' id='word_1_478' title='bbox 1977 567 2093 596; x_wconf 79' lang='lat' dir='ltr'>possent</span> <span class='ocrx_word' id='word_1_479' title='bbox 2110 562 2183 589; x_wconf 89' lang='lat' dir='ltr'>obici</span> 
     </span>
     <span class='ocr_line' id='line_1_60' title="bbox 1225 605 2182 643; baseline 0.005 -12"><span class='ocrx_word' id='word_1_480' title='bbox 1225 606 1268 631; x_wconf 87' lang='lat' dir='ltr'>vel</span> <span class='ocrx_word' id='word_1_481' title='bbox 1284 606 1400 640; x_wconf 80' lang='lat' dir='ltr'>opponi.</span> <span class='ocrx_word' id='word_1_482' title='bbox 1418 605 1453 632; x_wconf 81' lang='lat' dir='ltr'>Et</span> <span class='ocrx_word' id='word_1_483' title='bbox 1467 606 1499 632; x_wconf 85' lang='lat' dir='ltr'>ad</span> <span class='ocrx_word' id='word_1_484' title='bbox 1518 608 1652 640; x_wconf 85' lang='lat' dir='ltr'>majorem</span> <span class='ocrx_word' id='word_1_485' title='bbox 1672 608 1832 634; x_wconf 85' lang='lat' dir='ltr'>firmitatem</span> <span class='ocrx_word' id='word_1_486' title='bbox 1849 610 1974 635; x_wconf 88' lang='lat' dir='ltr'>omnium</span> <span class='ocrx_word' id='word_1_487' title='bbox 1993 609 2182 643; x_wconf 84' lang='lat' dir='ltr'>predictorum</span> 
     </span>
     <span class='ocr_line' id='line_1_61' title="bbox 1225 653 2182 691; baseline 0.006 -12"><span class='ocrx_word' id='word_1_488' title='bbox 1225 654 1298 680; x_wconf 90' lang='lat' dir='ltr'>idem</span> <span class='ocrx_word' id='word_1_489' title='bbox 1316 653 1446 680; x_wconf 83' lang='lat' dir='ltr'>sindicus</span> <span class='ocrx_word' id='word_1_490' title='bbox 1461 655 1566 688; x_wconf 85' lang='lat' dir='ltr'>juravit</span> <span class='ocrx_word' id='word_1_491' title='bbox 1580 656 1663 681; x_wconf 86' lang='lat' dir='ltr'>tactis</span> <span class='ocrx_word' id='word_1_492' title='bbox 1678 657 1869 683; x_wconf 84' lang='lat' dir='ltr'>sacrosanctis</span> <span class='ocrx_word' id='word_1_493' title='bbox 1886 658 2041 691; x_wconf 79' lang='lat' dir='ltr'>evangeliis</span> <span class='ocrx_word' id='word_1_494' title='bbox 2059 659 2084 684; x_wconf 91' lang='lat' dir='ltr'>in</span> <span class='ocrx_word' id='word_1_495' title='bbox 2102 667 2182 685; x_wconf 78' lang='lat' dir='ltr'>suam</span> 
     </span>
     <span class='ocr_line' id='line_1_62' title="bbox 1225 702 2184 741; baseline 0.005 -13"><span class='ocrx_word' id='word_1_496' title='bbox 1225 708 1253 729; x_wconf 90' lang='lat' dir='ltr'>et</span> <span class='ocrx_word' id='word_1_497' title='bbox 1274 702 1384 728; x_wconf 82' lang='lat' dir='ltr'>animas</span> <span class='ocrx_word' id='word_1_498' title='bbox 1407 704 1534 729; x_wconf 88' lang='lat' dir='ltr'>omnium</span> <span class='ocrx_word' id='word_1_499' title='bbox 1559 704 1626 730; x_wconf 90' lang='lat' dir='ltr'>dicti</span> <span class='ocrx_word' id='word_1_500' title='bbox 1649 705 1780 731; x_wconf 84' lang='lat' dir='ltr'>comunis</span> <span class='ocrx_word' id='word_1_501' title='bbox 1802 714 1921 739; x_wconf 68' lang='lat' dir='ltr'>quorum</span> <span class='ocrx_word' id='word_1_502' title='bbox 1947 710 1989 733; x_wconf 82' lang='lat' dir='ltr'>est</span> <span class='ocrx_word' id='word_1_503' title='bbox 2019 712 2184 741; x_wconf 87' lang='lat' dir='ltr'>procurator</span> 
     </span>
     <span class='ocr_line' id='line_1_63' title="bbox 1224 751 2183 786; baseline 0.006 -11"><span class='ocrx_word' id='word_1_504' title='bbox 1224 751 1319 777; x_wconf 89' lang='lat' dir='ltr'>omnia</span> <span class='ocrx_word' id='word_1_505' title='bbox 1335 755 1364 776; x_wconf 88' lang='lat' dir='ltr'>et</span> <span class='ocrx_word' id='word_1_506' title='bbox 1379 751 1492 785; x_wconf 84' lang='lat' dir='ltr'>singula</span> <span class='ocrx_word' id='word_1_507' title='bbox 1508 752 1670 785; x_wconf 84' lang='lat' dir='ltr'>supradicta</span> <span class='ocrx_word' id='word_1_508' title='bbox 1688 753 1767 786; x_wconf 80' lang='lat' dir='ltr'>plem-</span> <span class='ocrx_word' id='word_1_509' title='bbox 1785 754 1846 779; x_wconf 90' lang='lat' dir='ltr'>sine</span> <span class='ocrx_word' id='word_1_510' title='bbox 1863 754 1959 779; x_wconf 84' lang='lat' dir='ltr'>fraude</span> <span class='ocrx_word' id='word_1_511' title='bbox 1973 759 2000 780; x_wconf 88' lang='lat' dir='ltr'>et</span> <span class='ocrx_word' id='word_1_512' title='bbox 2012 755 2074 780; x_wconf 82' lang='lat' dir='ltr'>dolo</span> <span class='ocrx_word' id='word_1_513' title='bbox 2093 755 2183 781; x_wconf 78' lang='lat' dir='ltr'>facere</span> 
     </span>
     <span class='ocr_line' id='line_1_64' title="bbox 1225 799 1700 826; baseline 0 0"><span class='ocrx_word' id='word_1_514' title='bbox 1225 800 1377 826; x_wconf 83' lang='lat' dir='ltr'>observare</span> <span class='ocrx_word' id='word_1_515' title='bbox 1393 804 1420 825; x_wconf 90' lang='lat' dir='ltr'>et</span> <span class='ocrx_word' id='word_1_516' title='bbox 1436 799 1527 826; x_wconf 74' lang='lat' dir='ltr'>faeere</span> <span class='ocrx_word' id='word_1_517' title='bbox 1545 800 1700 826; x_wconf 76' lang='lat' dir='ltr'>observari.</span> 
     </span>
    </p>

    <p class='ocr_par' dir='ltr' id='par_1_4' title="bbox 1225 847 2186 1126">
     <span class='ocr_line' id='line_1_65' title="bbox 1261 847 2182 884; baseline 0.005 -10"><span class='ocrx_word' id='word_1_518' title='bbox 1261 848 1367 874; x_wconf 86' lang='lat' dir='ltr'>Actum</span> <span class='ocrx_word' id='word_1_519' title='bbox 1384 848 1457 882; x_wconf 83' lang='lat' dir='ltr'>apud</span> <span class='ocrx_word' id='word_1_520' title='bbox 1473 847 1722 880; x_wconf 77' lang='lat' dir='ltr'>Urbemvetercm‚</span> <span class='ocrx_word' id='word_1_521' title='bbox 1742 851 1767 876; x_wconf 93' lang='lat' dir='ltr'>in</span> <span class='ocrx_word' id='word_1_522' title='bbox 1787 851 1914 884; x_wconf 85' lang='lat' dir='ltr'>hospicio</span> <span class='ocrx_word' id='word_1_523' title='bbox 1930 851 1995 878; x_wconf 90' lang='lat' dir='ltr'>dicti</span> <span class='ocrx_word' id='word_1_524' title='bbox 2013 852 2118 878; x_wconf 88' lang='lat' dir='ltr'>domini</span> <span class='ocrx_word' id='word_1_525' title='bbox 2135 861 2182 879; x_wconf 86' lang='lat' dir='ltr'>ca-</span> 
     </span>
     <span class='ocr_line' id='line_1_66' title="bbox 1225 897 2184 932; baseline 0.003 -8"><span class='ocrx_word' id='word_1_526' title='bbox 1225 898 1354 928; x_wconf 81' lang='lat' dir='ltr'>merarii,</span> <span class='ocrx_word' id='word_1_527' title='bbox 1372 897 1556 932; x_wconf 86' lang='lat' dir='ltr'>presentibus</span> <span class='ocrx_word' id='word_1_528' title='bbox 1572 898 1685 924; x_wconf 88' lang='lat' dir='ltr'>domiuo</span> <span class='ocrx_word' id='word_1_529' title='bbox 1705 898 1813 925; x_wconf 86' lang='lat' dir='ltr'>Tboma</span> <span class='ocrx_word' id='word_1_530' title='bbox 1838 899 1906 926; x_wconf 79' lang='lat' dir='ltr'>Pino</span> <span class='ocrx_word' id='word_1_531' title='bbox 1929 900 1962 926; x_wconf 89' lang='lat' dir='ltr'>de</span> <span class='ocrx_word' id='word_1_532' title='bbox 1987 900 2117 927; x_wconf 84' lang='lat' dir='ltr'>Veneciis</span> <span class='ocrx_word' id='word_1_533' title='bbox 2134 901 2184 927; x_wconf 94' lang='lat' dir='ltr'>do-</span> 
     </span>
     <span class='ocr_line' id='line_1_67' title="bbox 1226 946 2184 982; baseline 0.004 -11"><span class='ocrx_word' id='word_1_534' title='bbox 1226 946 1295 972; x_wconf 89' lang='lat' dir='ltr'>miui</span> <span class='ocrx_word' id='word_1_535' title='bbox 1314 954 1383 980; x_wconf 89' lang='lat' dir='ltr'>pape</span> <span class='ocrx_word' id='word_1_536' title='bbox 1399 946 1560 980; x_wconf 82' lang='lat' dir='ltr'>capellanO.</span> <span class='ocrx_word' id='word_1_537' title='bbox 1578 947 1692 973; x_wconf 91' lang='lat' dir='ltr'>domino</span> <span class='ocrx_word' id='word_1_538' title='bbox 1714 948 1796 973; x_wconf 84' lang='lat' dir='ltr'>Petro</span> <span class='ocrx_word' id='word_1_539' title='bbox 1818 948 1921 982; x_wconf 84' lang='lat' dir='ltr'>Magno</span> <span class='ocrx_word' id='word_1_540' title='bbox 1937 950 2073 975; x_wconf 85' lang='lat' dir='ltr'>canonico</span> <span class='ocrx_word' id='word_1_541' title='bbox 2094 950 2184 976; x_wconf 90' lang='lat' dir='ltr'>sancti</span> 
     </span>
     <span class='ocr_line' id='line_1_68' title="bbox 1226 993 2185 1024; baseline 0.004 -4"><span class='ocrx_word' id='word_1_542' title='bbox 1226 994 1331 1020; x_wconf 81' lang='lat' dir='ltr'>Mathei</span> <span class='ocrx_word' id='word_1_543' title='bbox 1350 993 1550 1023; x_wconf 74' lang='lat' dir='ltr'>viterbiensis.</span> <span class='ocrx_word' id='word_1_544' title='bbox 1569 994 1704 1021; x_wconf 82' lang='lat' dir='ltr'>fratribus</span> <span class='ocrx_word' id='word_1_545' title='bbox 1721 996 1830 1022; x_wconf 76' lang='lat' dir='ltr'>Actone</span> <span class='ocrx_word' id='word_1_546' title='bbox 1847 1000 1873 1021; x_wconf 87' lang='lat' dir='ltr'>et</span> <span class='ocrx_word' id='word_1_547' title='bbox 1885 995 1975 1023; x_wconf 80' lang='lat' dir='ltr'>Natali</span> <span class='ocrx_word' id='word_1_548' title='bbox 1987 998 2093 1023; x_wconf 82' lang='lat' dir='ltr'>ordinis</span> <span class='ocrx_word' id='word_1_549' title='bbox 2108 998 2185 1024; x_wconf 77' lang='lat' dir='ltr'>Mon-</span> 
     </span>
     <span class='ocr_line' id='line_1_69' title="bbox 1227 1042 2186 1071; baseline 0.002 -2"><span class='ocrx_word' id='word_1_550' title='bbox 1227 1043 1323 1069; x_wconf 82' lang='lat' dir='ltr'>tisfani</span> <span class='ocrx_word' id='word_1_551' title='bbox 1346 1046 1374 1068; x_wconf 88' lang='lat' dir='ltr'>et</span> <span class='ocrx_word' id='word_1_552' title='bbox 1397 1042 1553 1068; x_wconf 82' lang='lat' dir='ltr'>Lanfranco</span> <span class='ocrx_word' id='word_1_553' title='bbox 1581 1043 1706 1068; x_wconf 83' lang='lat' dir='ltr'>Anselmi</span> <span class='ocrx_word' id='word_1_554' title='bbox 1727 1044 1788 1069; x_wconf 83' lang='lat' dir='ltr'>cive</span> <span class='ocrx_word' id='word_1_555' title='bbox 1812 1043 1980 1070; x_wconf 75' lang='lat' dir='ltr'>pistoriensi</span> <span class='ocrx_word' id='word_1_556' title='bbox 2000 1053 2111 1071; x_wconf 79' lang='lat' dir='ltr'>camere</span> <span class='ocrx_word' id='word_1_557' title='bbox 2135 1046 2186 1071; x_wconf 90' lang='lat' dir='ltr'>do-</span> 
     </span>
     <span class='ocr_line' id='line_1_70' title="bbox 1227 1092 1955 1126; baseline 0.003 -9"><span class='ocrx_word' id='word_1_558' title='bbox 1227 1092 1295 1118; x_wconf 89' lang='lat' dir='ltr'>mini</span> <span class='ocrx_word' id='word_1_559' title='bbox 1313 1099 1381 1125; x_wconf 87' lang='lat' dir='ltr'>pape</span> <span class='ocrx_word' id='word_1_560' title='bbox 1399 1095 1568 1122; x_wconf 80' lang='lat' dir='ltr'>mercatore,</span> <span class='ocrx_word' id='word_1_561' title='bbox 1586 1092 1708 1118; x_wconf 82' lang='lat' dir='ltr'>testibus</span> <span class='ocrx_word' id='word_1_562' title='bbox 1721 1093 1753 1117; x_wconf 85' lang='lat' dir='ltr'>ad</span> <span class='ocrx_word' id='word_1_563' title='bbox 1772 1093 1825 1118; x_wconf 88' lang='lat' dir='ltr'>hec</span> <span class='ocrx_word' id='word_1_564' title='bbox 1841 1095 1955 1126; x_wconf 74' lang='lat' dir='ltr'>rogatis.</span> 
     </span>
    </p>

    <p class='ocr_par' dir='ltr' id='par_1_5' title="bbox 1225 1139 2186 1321">
     <span class='ocr_line' id='line_1_71' title="bbox 1261 1139 2185 1175; baseline 0.003 -10"><span class='ocrx_word' id='word_1_565' title='bbox 1261 1139 1296 1166; x_wconf 86' lang='lat' dir='ltr'>Et</span> <span class='ocrx_word' id='word_1_566' title='bbox 1313 1148 1366 1173; x_wconf 85' lang='lat' dir='ltr'>ego</span> <span class='ocrx_word' id='word_1_567' title='bbox 1381 1139 1509 1165; x_wconf 69' lang='lat' dir='ltr'>«Iacobus</span> <span class='ocrx_word' id='word_1_568' title='bbox 1526 1139 1622 1166; x_wconf 84' lang='lat' dir='ltr'>Pisani</span> <span class='ocrx_word' id='word_1_569' title='bbox 1644 1140 1678 1165; x_wconf 78' lang='lat' dir='ltr'>de</span> <span class='ocrx_word' id='word_1_570' title='bbox 1701 1140 1828 1167; x_wconf 81' lang='lat' dir='ltr'>Viterbio</span> <span class='ocrx_word' id='word_1_571' title='bbox 1848 1143 2003 1175; x_wconf 78' lang='lat' dir='ltr'>apostolica</span> <span class='ocrx_word' id='word_1_572' title='bbox 2019 1144 2185 1169; x_wconf 85' lang='lat' dir='ltr'>auctoritate</span> 
     </span>
     <span class='ocr_line' id='line_1_72' title="bbox 1225 1188 2186 1224; baseline 0.004 -10"><span class='ocrx_word' id='word_1_573' title='bbox 1225 1192 1253 1214; x_wconf 89' lang='lat' dir='ltr'>et</span> <span class='ocrx_word' id='word_1_574' title='bbox 1269 1197 1344 1214; x_wconf 88' lang='lat' dir='ltr'>nunc</span> <span class='ocrx_word' id='word_1_575' title='bbox 1360 1196 1472 1215; x_wconf 84' lang='lat' dir='ltr'>camere</span> <span class='ocrx_word' id='word_1_576' title='bbox 1489 1188 1594 1214; x_wconf 91' lang='lat' dir='ltr'>domini</span> <span class='ocrx_word' id='word_1_577' title='bbox 1619 1198 1689 1223; x_wconf 84' lang='lat' dir='ltr'>pape</span> <span class='ocrx_word' id='word_1_578' title='bbox 1714 1191 1840 1216; x_wconf 73' lang='lat' dir='ltr'>notarius</span> <span class='ocrx_word' id='word_1_579' title='bbox 1862 1192 2009 1224; x_wconf 77' lang='lat' dir='ltr'>premissis</span> <span class='ocrx_word' id='word_1_580' title='bbox 2028 1192 2142 1218; x_wconf 79' lang='lat' dir='ltr'>interfui</span> <span class='ocrx_word' id='word_1_581' title='bbox 2159 1196 2186 1218; x_wconf 87' lang='lat' dir='ltr'>et</span> 
     </span>
     <span class='ocr_line' id='line_1_73' title="bbox 1226 1237 2184 1273; baseline 0.003 -10"><span class='ocrx_word' id='word_1_582' title='bbox 1226 1246 1258 1263; x_wconf 87' lang='lat' dir='ltr'>ea</span> <span class='ocrx_word' id='word_1_583' title='bbox 1274 1242 1391 1272; x_wconf 87' lang='lat' dir='ltr'>rogatus</span> <span class='ocrx_word' id='word_1_584' title='bbox 1414 1237 1540 1264; x_wconf 88' lang='lat' dir='ltr'>scribere</span> <span class='ocrx_word' id='word_1_585' title='bbox 1563 1237 1683 1263; x_wconf 88' lang='lat' dir='ltr'>fideliter</span> <span class='ocrx_word' id='word_1_586' title='bbox 1700 1240 1801 1272; x_wconf 86' lang='lat' dir='ltr'>scripsi</span> <span class='ocrx_word' id='word_1_587' title='bbox 1823 1244 1850 1264; x_wconf 87' lang='lat' dir='ltr'>et</span> <span class='ocrx_word' id='word_1_588' title='bbox 1867 1239 1894 1265; x_wconf 86' lang='lat' dir='ltr'>in</span> <span class='ocrx_word' id='word_1_589' title='bbox 1913 1240 2051 1273; x_wconf 84' lang='lat' dir='ltr'>publicam</span> <span class='ocrx_word' id='word_1_590' title='bbox 2069 1240 2184 1266; x_wconf 82' lang='lat' dir='ltr'>formam</span> 
     </span>
     <span class='ocr_line' id='line_1_74' title="bbox 1227 1286 1698 1321; baseline 0.002 -9"><span class='ocrx_word' id='word_1_591' title='bbox 1227 1286 1322 1320; x_wconf 84' lang='lat' dir='ltr'>redegi</span> <span class='ocrx_word' id='word_1_592' title='bbox 1339 1294 1458 1321; x_wconf 87' lang='lat' dir='ltr'>meoque</span> <span class='ocrx_word' id='word_1_593' title='bbox 1475 1286 1558 1320; x_wconf 79' lang='lat' dir='ltr'>signo</span> <span class='ocrx_word' id='word_1_594' title='bbox 1576 1287 1698 1320; x_wconf 87' lang='lat' dir='ltr'>signavi.</span> 
     </span>
    </p>
   </div>
   <div class='ocr_carea' id='block_1_4' title="bbox 1194 1439 2188 1565">
    <p class='ocr_par' dir='ltr' id='par_1_6' title="bbox 1194 1439 2188 1565">
     <span class='ocr_line' id='line_1_75' title="bbox 1194 1439 2187 1474; baseline 0.003 -9"><span class='ocrx_word' id='word_1_595' title='bbox 1194 1439 1360 1474; x_wconf 84' lang='lat' dir='ltr'>[CCCLXIl.</span> <span class='ocrx_word' id='word_1_596' title='bbox 1385 1455 1418 1460; x_wconf 92' lang='lat'>—</span> <span class='ocrx_word' id='word_1_597' title='bbox 1441 1440 1545 1466; x_wconf 73' lang='lat' dir='ltr'>Snums</span> <span class='ocrx_word' id='word_1_598' title='bbox 1568 1449 1708 1467; x_wconf 71' lang='lat' dir='ltr'>rnonxssro</span> <span class='ocrx_word' id='word_1_599' title='bbox 1733 1449 1814 1467; x_wconf 68' lang='lat' dir='ltr'>FACTA</span> <span class='ocrx_word' id='word_1_600' title='bbox 1837 1450 1885 1468; x_wconf 74' lang='lat' dir='ltr'>rsa</span> <span class='ocrx_word' id='word_1_601' title='bbox 1905 1450 2027 1468; x_wconf 71' lang='lat' dir='ltr'>smnicun</span> <span class='ocrx_word' id='word_1_602' title='bbox 2050 1451 2187 1468; x_wconf 61' lang='lat' dir='ltr'>[mvsasi-</span> 
     </span>
     <span class='ocr_line' id='line_1_76' title="bbox 1226 1488 2188 1517; baseline 0.002 -3"><span class='ocrx_word' id='word_1_603' title='bbox 1226 1497 1301 1515; x_wconf 67' lang='lat' dir='ltr'>&#39;ruis</span> <span class='ocrx_word' id='word_1_604' title='bbox 1322 1498 1413 1515; x_wconf 55' lang='lat' dir='ltr'>easrni</span> <span class='ocrx_word' id='word_1_605' title='bbox 1435 1488 1541 1515; x_wconf 65' lang='lat' dir='ltr'>Momis</span> <span class='ocrx_word' id='word_1_606' title='bbox 1564 1488 1674 1515; x_wconf 69' lang='lat' dir='ltr'>Fonrnw</span> <span class='ocrx_word' id='word_1_607' title='bbox 1696 1498 1729 1515; x_wconf 78' lang='lat' dir='ltr'>ns</span> <span class='ocrx_word' id='word_1_608' title='bbox 1750 1498 1825 1515; x_wconf 75' lang='lat' dir='ltr'>xmiu</span> <span class='ocrx_word' id='word_1_609' title='bbox 1849 1498 1933 1515; x_wconf 67' lang='lat' dir='ltr'>manis</span> <span class='ocrx_word' id='word_1_610' title='bbox 1949 1498 2094 1516; x_wconf 68' lang='lat' dir='ltr'>SOLVENDls</span> <span class='ocrx_word' id='word_1_611' title='bbox 2111 1499 2188 1517; x_wconf 56' lang='lat' dir='ltr'>assis</span> 
     </span>
     <span class='ocr_line' id='line_1_77' title="bbox 1226 1541 1632 1565; baseline -0.002 -1"><span class='ocrx_word' id='word_1_612' title='bbox 1226 1546 1346 1565; x_wconf 73' lang='lat' dir='ltr'>slNGULlS</span> <span class='ocrx_word' id='word_1_613' title='bbox 1365 1545 1397 1563; x_wconf 70' lang='lat' dir='ltr'>Ex</span> <span class='ocrx_word' id='word_1_614' title='bbox 1415 1545 1502 1563; x_wconf 67' lang='lat' dir='ltr'>EADEM</span> <span class='ocrx_word' id='word_1_615' title='bbox 1519 1545 1601 1564; x_wconf 72' lang='lat' dir='ltr'><strong>CAUSA</strong></span> <span class='ocrx_word' id='word_1_616' title='bbox 1615 1541 1632 1563; x_wconf 87' lang='lat'>¹.</span> 
     </span>
    </p>
   </div>
   <div class='ocr_carea' id='block_1_5' title="bbox 1226 1639 2189 2209">
    <p class='ocr_par' dir='ltr' id='par_1_7' title="bbox 1226 1639 2189 2209">
     <span class='ocr_line' id='line_1_78' title="bbox 1255 1639 2186 1675; baseline 0.001 -10"><span class='ocrx_word' id='word_1_617' title='bbox 1255 1639 1331 1675; x_wconf 77' lang='lat' dir='ltr'>¹Item</span> <span class='ocrx_word' id='word_1_618' title='bbox 1349 1647 1439 1671; x_wconf 66' lang='lat' dir='ltr'>auno,</span> <span class='ocrx_word' id='word_1_619' title='bbox 1458 1647 1572 1671; x_wconf 77' lang='lat' dir='ltr'>mense,</span> <span class='ocrx_word' id='word_1_620' title='bbox 1590 1639 1648 1669; x_wconf 85' lang='lat' dir='ltr'>die,</span> <span class='ocrx_word' id='word_1_621' title='bbox 1666 1639 1803 1664; x_wconf 87' lang='lat' dir='ltr'>inditione</span> <span class='ocrx_word' id='word_1_622' title='bbox 1820 1644 1846 1665; x_wconf 91' lang='lat' dir='ltr'>et</span> <span class='ocrx_word' id='word_1_623' title='bbox 1864 1640 2025 1673; x_wconf 72' lang='lat' dir='ltr'>pontificatu</span> <span class='ocrx_word' id='word_1_624' title='bbox 2043 1640 2186 1674; x_wconf 85' lang='lat' dir='ltr'>predictis,</span> 
     </span>
     <span class='ocr_line' id='line_1_79' title="bbox 1226 1687 2186 1723; baseline 0.001 -10"><span class='ocrx_word' id='word_1_625' title='bbox 1226 1689 1409 1723; x_wconf 85' lang='lat' dir='ltr'>presentibus</span> <span class='ocrx_word' id='word_1_626' title='bbox 1426 1688 1548 1713; x_wconf 86' lang='lat' dir='ltr'>testibus</span> <span class='ocrx_word' id='word_1_627' title='bbox 1559 1688 1774 1722; x_wconf 82' lang='lat' dir='ltr'>suprascriptis,</span> <span class='ocrx_word' id='word_1_628' title='bbox 1788 1688 1931 1721; x_wconf 85' lang='lat' dir='ltr'>dompnus</span> <span class='ocrx_word' id='word_1_629' title='bbox 1947 1687 2119 1714; x_wconf 68' lang='lat' dir='ltr'>&#39;I&#39;bomasius</span> <span class='ocrx_word' id='word_1_630' title='bbox 2132 1690 2186 1723; x_wconf 86' lang='lat' dir='ltr'>ple-</span> 
     </span>
     <span class='ocr_line' id='line_1_80' title="bbox 1226 1736 2187 1770; baseline 0.001 -8"><span class='ocrx_word' id='word_1_631' title='bbox 1226 1737 1318 1762; x_wconf 88' lang='lat' dir='ltr'>banus</span> <span class='ocrx_word' id='word_1_632' title='bbox 1341 1737 1431 1763; x_wconf 79' lang='lat' dir='ltr'>sancti</span> <span class='ocrx_word' id='word_1_633' title='bbox 1455 1737 1557 1770; x_wconf 80' lang='lat' dir='ltr'>Augeli</span> <span class='ocrx_word' id='word_1_634' title='bbox 1581 1737 1607 1762; x_wconf 90' lang='lat' dir='ltr'>iu</span> <span class='ocrx_word' id='word_1_635' title='bbox 1626 1736 1730 1766; x_wconf 71' lang='lat' dir='ltr'>Monte,</span> <span class='ocrx_word' id='word_1_636' title='bbox 1751 1740 1915 1770; x_wconf 85' lang='lat' dir='ltr'>procurator</span> <span class='ocrx_word' id='word_1_637' title='bbox 1932 1741 1959 1762; x_wconf 91' lang='lat' dir='ltr'>et</span> <span class='ocrx_word' id='word_1_638' title='bbox 1976 1736 2106 1763; x_wconf 84' lang='lat' dir='ltr'>sindicus</span> <span class='ocrx_word' id='word_1_639' title='bbox 2125 1737 2187 1763; x_wconf 91' lang='lat' dir='ltr'>uni-</span> 
     </span>
     <span class='ocr_line' id='line_1_81' title="bbox 1227 1784 2189 1811; baseline 0.001 -1"><span class='ocrx_word' id='word_1_640' title='bbox 1227 1786 1371 1811; x_wconf 78' lang='lat' dir='ltr'>versitatis</span> <span class='ocrx_word' id='word_1_641' title='bbox 1388 1785 1534 1810; x_wconf 83' lang='lat' dir='ltr'>hominum</span> <span class='ocrx_word' id='word_1_642' title='bbox 1554 1785 1639 1811; x_wconf 83' lang='lat' dir='ltr'>castri</span> <span class='ocrx_word' id='word_1_643' title='bbox 1665 1785 1770 1810; x_wconf 73' lang='lat' dir='ltr'>Montis</span> <span class='ocrx_word' id='word_1_644' title='bbox 1795 1784 1900 1810; x_wconf 83' lang='lat' dir='ltr'>Fortini</span> <span class='ocrx_word' id='word_1_645' title='bbox 1920 1785 2048 1810; x_wconf 83' lang='lat' dir='ltr'>Firmane</span> <span class='ocrx_word' id='word_1_646' title='bbox 2065 1785 2189 1811; x_wconf 86' lang='lat' dir='ltr'>diocesis</span> 
     </span>
     <span class='ocr_line' id='line_1_82' title="bbox 1226 1833 2188 1867; baseline 0.001 -9"><span class='ocrx_word' id='word_1_647' title='bbox 1226 1833 1259 1859; x_wconf 85' lang='lat' dir='ltr'>ad</span> <span class='ocrx_word' id='word_1_648' title='bbox 1277 1834 1329 1859; x_wconf 84' lang='lat' dir='ltr'>hoc</span> <span class='ocrx_word' id='word_1_649' title='bbox 1345 1833 1507 1867; x_wconf 84' lang='lat' dir='ltr'>specialiter</span> <span class='ocrx_word' id='word_1_650' title='bbox 1524 1833 1716 1864; x_wconf 84' lang='lat' dir='ltr'>constitutus,</span> <span class='ocrx_word' id='word_1_651' title='bbox 1735 1837 1817 1865; x_wconf 87' lang='lat' dir='ltr'>prout</span> <span class='ocrx_word' id='word_1_652' title='bbox 1837 1833 1870 1858; x_wconf 92' lang='lat' dir='ltr'>de</span> <span class='ocrx_word' id='word_1_653' title='bbox 1888 1833 1978 1867; x_wconf 84' lang='lat' dir='ltr'>ipsius</span> <span class='ocrx_word' id='word_1_654' title='bbox 1996 1834 2188 1867; x_wconf 88' lang='lat' dir='ltr'>procuratorio</span> 
     </span>
     <span class='ocr_line' id='line_1_83' title="bbox 1226 1872 2187 1916; baseline 0 -8"><span class='ocrx_word' id='word_1_655' title='bbox 1226 1883 1287 1908; x_wconf 88' lang='lat' dir='ltr'>sive</span> <span class='ocrx_word' id='word_1_656' title='bbox 1310 1883 1451 1908; x_wconf 76' lang='lat' dir='ltr'>sindicatu</span> <span class='ocrx_word' id='word_1_657' title='bbox 1476 1886 1590 1908; x_wconf 85' lang='lat' dir='ltr'>constat</span> <span class='ocrx_word' id='word_1_658' title='bbox 1613 1872 1725 1916; x_wconf 83' lang='lat' dir='ltr'>publico</span> <span class='ocrx_word' id='word_1_659' title='bbox 1746 1883 1937 1908; x_wconf 73' lang='lat' dir='ltr'>instrumento</span> <span class='ocrx_word' id='word_1_660' title='bbox 1953 1882 2082 1908; x_wconf 80' lang='lat' dir='ltr'>confecto</span> <span class='ocrx_word' id='word_1_661' title='bbox 2104 1891 2187 1908; x_wconf 69' lang='lat' dir='ltr'>manu</span> 
     </span>
     <span class='ocr_line' id='line_1_84' title="bbox 1226 1930 2189 1963; baseline -0.001 -6"><span class='ocrx_word' id='word_1_662' title='bbox 1226 1931 1325 1958; x_wconf 89' lang='lat' dir='ltr'>Buccii</span> <span class='ocrx_word' id='word_1_663' title='bbox 1341 1930 1441 1957; x_wconf 84' lang='lat' dir='ltr'>Jacobi</span> <span class='ocrx_word' id='word_1_664' title='bbox 1461 1931 1539 1956; x_wconf 73' lang='lat' dir='ltr'>Pauli</span> <span class='ocrx_word' id='word_1_665' title='bbox 1555 1931 1588 1956; x_wconf 92' lang='lat' dir='ltr'>de</span> <span class='ocrx_word' id='word_1_666' title='bbox 1611 1930 1705 1956; x_wconf 82' lang='lat' dir='ltr'>Firmo</span> <span class='ocrx_word' id='word_1_667' title='bbox 1723 1931 1842 1963; x_wconf 78' lang='lat' dir='ltr'>notario,</span> <span class='ocrx_word' id='word_1_668' title='bbox 1860 1931 1972 1956; x_wconf 83' lang='lat' dir='ltr'>nomine</span> <span class='ocrx_word' id='word_1_669' title='bbox 1990 1939 2021 1956; x_wconf 86' lang='lat' dir='ltr'>ac</span> <span class='ocrx_word' id='word_1_670' title='bbox 2039 1932 2098 1956; x_wconf 72' lang='lat' dir='ltr'>vice</span> <span class='ocrx_word' id='word_1_671' title='bbox 2115 1931 2189 1957; x_wconf 88' lang='lat' dir='ltr'>dicte</span> 
     </span>
     <span class='ocr_line' id='line_1_85' title="bbox 1228 1978 2189 2013; baseline -0.001 -8"><span class='ocrx_word' id='word_1_672' title='bbox 1228 1979 1434 2012; x_wconf 75' lang='lat' dir='ltr'>universitatis,</span> <span class='ocrx_word' id='word_1_673' title='bbox 1449 1979 1580 2013; x_wconf 87' lang='lat' dir='ltr'>promisit</span> <span class='ocrx_word' id='word_1_674' title='bbox 1596 1979 1703 2013; x_wconf 80' lang='lat' dir='ltr'>prefato</span> <span class='ocrx_word' id='word_1_675' title='bbox 1715 1980 1852 2013; x_wconf 76' lang='lat' dir='ltr'>magistro</span> <span class='ocrx_word' id='word_1_676' title='bbox 1869 1978 1984 2004; x_wconf 78' lang='lat' dir='ltr'>Nicolao</span> <span class='ocrx_word' id='word_1_677' title='bbox 1996 1978 2101 2005; x_wconf 87' lang='lat' dir='ltr'>domini</span> <span class='ocrx_word' id='word_1_678' title='bbox 2119 1987 2189 2013; x_wconf 83' lang='lat' dir='ltr'>pape</span> 
     </span>
     <span class='ocr_line' id='line_1_86' title="bbox 1226 2027 2189 2061; baseline -0.001 -7"><span class='ocrx_word' id='word_1_679' title='bbox 1226 2029 1380 2054; x_wconf 84' lang='lat' dir='ltr'>camerario</span> <span class='ocrx_word' id='word_1_680' title='bbox 1398 2033 1426 2054; x_wconf 79' lang='lat' dir='ltr'>et</span> <span class='ocrx_word' id='word_1_681' title='bbox 1443 2028 1551 2054; x_wconf 85' lang='lat' dir='ltr'>notario</span> <span class='ocrx_word' id='word_1_682' title='bbox 1567 2027 1726 2053; x_wconf 88' lang='lat' dir='ltr'>secuudum</span> <span class='ocrx_word' id='word_1_683' title='bbox 1750 2027 1939 2061; x_wconf 86' lang='lat' dir='ltr'>prescriptum</span> <span class='ocrx_word' id='word_1_684' title='bbox 1957 2027 2070 2053; x_wconf 86' lang='lat' dir='ltr'>modum</span> <span class='ocrx_word' id='word_1_685' title='bbox 2088 2033 2113 2053; x_wconf 80' lang='lat' dir='ltr'>et</span> <span class='ocrx_word' id='word_1_686' title='bbox 2132 2028 2189 2053; x_wconf 81' lang='lat' dir='ltr'>sor-</span> 
     </span>
     <span class='ocr_line' id='line_1_87' title="bbox 1227 2075 2189 2111; baseline -0.002 -8"><span class='ocrx_word' id='word_1_687' title='bbox 1227 2086 1301 2103; x_wconf 86' lang='lat' dir='ltr'>mam</span> <span class='ocrx_word' id='word_1_688' title='bbox 1320 2086 1367 2111; x_wconf 90' lang='lat' dir='ltr'>per</span> <span class='ocrx_word' id='word_1_689' title='bbox 1383 2077 1478 2102; x_wconf 81' lang='lat' dir='ltr'>onmia</span> <span class='ocrx_word' id='word_1_690' title='bbox 1496 2077 1562 2102; x_wconf 86' lang='lat' dir='ltr'>dare</span> <span class='ocrx_word' id='word_1_691' title='bbox 1578 2081 1605 2102; x_wconf 86' lang='lat' dir='ltr'>et</span> <span class='ocrx_word' id='word_1_692' title='bbox 1628 2076 1739 2102; x_wconf 85' lang='lat' dir='ltr'>solvere</span> <span class='ocrx_word' id='word_1_693' title='bbox 1756 2084 1831 2101; x_wconf 70' lang='lat' dir='ltr'>xcun</span> <span class='ocrx_word' id='word_1_694' title='bbox 1848 2076 1933 2101; x_wconf 85' lang='lat' dir='ltr'>libras</span> <span class='ocrx_word' id='word_1_695' title='bbox 1956 2075 2189 2102; x_wconf 68' lang='lat' dir='ltr'>Ravennatorum</span> 
     </span>
     <span class='ocr_line' id='line_1_88' title="bbox 1226 2123 2189 2159; baseline -0.003 -7"><span class='ocrx_word' id='word_1_696' title='bbox 1226 2127 1308 2152; x_wconf 86' lang='lat' dir='ltr'>annis</span> <span class='ocrx_word' id='word_1_697' title='bbox 1324 2126 1446 2159; x_wconf 84' lang='lat' dir='ltr'>singulis</span> <span class='ocrx_word' id='word_1_698' title='bbox 1462 2134 1573 2151; x_wconf 84' lang='lat' dir='ltr'>camere</span> <span class='ocrx_word' id='word_1_699' title='bbox 1597 2125 1675 2151; x_wconf 83' lang='lat' dir='ltr'>sedis</span> <span class='ocrx_word' id='word_1_700' title='bbox 1690 2125 1862 2158; x_wconf 83' lang='lat' dir='ltr'>apostolice,</span> <span class='ocrx_word' id='word_1_701' title='bbox 1883 2128 1912 2150; x_wconf 83' lang='lat' dir='ltr'>ut</span> <span class='ocrx_word' id='word_1_702' title='bbox 1927 2123 2097 2158; x_wconf 83' lang='lat' dir='ltr'>predicitur,</span> <span class='ocrx_word' id='word_1_703' title='bbox 2118 2125 2189 2150; x_wconf 82' lang='lat' dir='ltr'>infra</span> 
     </span>
     <span class='ocr_line' id='line_1_89' title="bbox 1227 2173 1811 2209; baseline -0.003 -9"><span class='ocrx_word' id='word_1_704' title='bbox 1227 2174 1399 2209; x_wconf 85' lang='lat' dir='ltr'>quindenam</span> <span class='ocrx_word' id='word_1_705' title='bbox 1412 2173 1647 2200; x_wconf 82' lang='lat' dir='ltr'>Resurrectionis</span> <span class='ocrx_word' id='word_1_706' title='bbox 1661 2173 1811 2198; x_wconf 81' lang='lat' dir='ltr'>dominice.</span> 
     </span>
    </p>
   </div>
   <div class='ocr_carea' id='block_1_6' title="bbox 1196 2328 2190 2453">
    <p class='ocr_par' dir='ltr' id='par_1_8' title="bbox 1196 2328 2190 2453">
     <span class='ocr_line' id='line_1_90' title="bbox 1196 2328 2190 2364; baseline -0.002 -9"><span class='ocrx_word' id='word_1_707' title='bbox 1196 2329 1377 2364; x_wconf 70' lang='lat' dir='ltr'>[CCCLXIIJ.</span> <span class='ocrx_word' id='word_1_708' title='bbox 1396 2343 1425 2347; x_wconf 89' lang='lat'>—</span> <span class='ocrx_word' id='word_1_709' title='bbox 1448 2328 1552 2355; x_wconf 69' lang='lat' dir='ltr'>Sumus</span> <span class='ocrx_word' id='word_1_710' title='bbox 1569 2336 1708 2355; x_wconf 75' lang='lat' dir='ltr'>PROMlssio</span> <span class='ocrx_word' id='word_1_711' title='bbox 1726 2336 1758 2353; x_wconf 74' lang='lat' dir='ltr'>ns</span> <span class='ocrx_word' id='word_1_712' title='bbox 1775 2336 1789 2353; x_wconf 73' lang='grc' dir='ltr'>ι.</span> <span class='ocrx_word' id='word_1_713' title='bbox 1807 2336 1891 2353; x_wconf 76' lang='lat' dir='ltr'>Llnnls</span> <span class='ocrx_word' id='word_1_714' title='bbox 1908 2335 2054 2353; x_wconf 59' lang='lat' dir='ltr'>souvexnis</span> <span class='ocrx_word' id='word_1_715' title='bbox 2069 2335 2190 2353; x_wconf 57' lang='grc' dir='ltr'>ειλῦϊιιε</span> 
     </span>
     <span class='ocr_line' id='line_1_91' title="bbox 1227 2383 2190 2404; baseline -0.003 0"><span class='ocrx_word' id='word_1_716' title='bbox 1227 2386 1306 2404; x_wconf 60' lang='lat' dir='ltr'>anuis</span> <span class='ocrx_word' id='word_1_717' title='bbox 1329 2386 1363 2403; x_wconf 63' lang='grc' dir='ltr'>ΒΧ</span> <span class='ocrx_word' id='word_1_718' title='bbox 1387 2385 1475 2403; x_wconf 62' lang='lat' dir='ltr'>mnan</span> <span class='ocrx_word' id='word_1_719' title='bbox 1501 2385 1584 2403; x_wconf 55' lang='lat' dir='ltr'>causa</span> <span class='ocrx_word' id='word_1_720' title='bbox 1610 2385 1658 2402; x_wconf 67' lang='lat' dir='ltr'>ran</span> <span class='ocrx_word' id='word_1_721' title='bbox 1690 2384 1813 2402; x_wconf 71' lang='lat' dir='ltr'>smnicun</span> <span class='ocrx_word' id='word_1_722' title='bbox 1839 2383 2040 2402; x_wconf 59' lang='lat' dir='ltr'>cuivssnsnans</span> <span class='ocrx_word' id='word_1_723' title='bbox 2067 2384 2190 2402; x_wconf 65' lang='lat' dir='ltr'>noum-cn</span> 
     </span>
     <span class='ocr_line' id='line_1_92' title="bbox 1227 2423 2189 2453; baseline -0.005 0"><span class='ocrx_word' id='word_1_724' title='bbox 1227 2435 1318 2453; x_wconf 51' lang='lat' dir='ltr'>cas&#39;rm</span> <span class='ocrx_word' id='word_1_725' title='bbox 1338 2434 1437 2452; x_wconf 55' lang='lat' dir='ltr'>sucre</span> <span class='ocrx_word' id='word_1_726' title='bbox 1456 2424 1546 2451; x_wconf 53' lang='lat' dir='ltr'>Manu:</span> <span class='ocrx_word' id='word_1_727' title='bbox 1568 2432 1592 2450; x_wconf 73' lang='lat' dir='ltr'>iu</span> <span class='ocrx_word' id='word_1_728' title='bbox 1613 2423 1748 2450; x_wconf 50' lang='lat' dir='ltr'>Cassiam</span> <span class='ocrx_word' id='word_1_729' title='bbox 1768 2423 1917 2449; x_wconf 64' lang='lat' dir='ltr'>Auxume</span> <span class='ocrx_word' id='word_1_730' title='bbox 1936 2431 2054 2449; x_wconf 78' lang='lat' dir='ltr'>DlOCESls</span> <span class='ocrx_word' id='word_1_731' title='bbox 2072 2431 2154 2449; x_wconf 63' lang='lat' dir='ltr'>men</span> <span class='ocrx_word' id='word_1_732' title='bbox 2169 2423 2189 2448; x_wconf 86' lang='lat'>².</span> 
     </span>
    </p>
   </div>
   <div class='ocr_carea' id='block_1_7' title="bbox 1227 2525 2190 2660">
    <p class='ocr_par' dir='ltr' id='par_1_9' title="bbox 1227 2525 2190 2660">
     <span class='ocr_line' id='line_1_93' title="bbox 1262 2525 2190 2560; baseline -0.003 -7"><span class='ocrx_word' id='word_1_733' title='bbox 1262 2527 1332 2554; x_wconf 79' lang='lat' dir='ltr'>Item</span> <span class='ocrx_word' id='word_1_734' title='bbox 1356 2527 1454 2553; x_wconf 84' lang='lat' dir='ltr'>eodem</span> <span class='ocrx_word' id='word_1_735' title='bbox 1476 2535 1564 2557; x_wconf 82' lang='lat' dir='ltr'>anno,</span> <span class='ocrx_word' id='word_1_736' title='bbox 1589 2526 1726 2552; x_wconf 87' lang='lat' dir='ltr'>inditione</span> <span class='ocrx_word' id='word_1_737' title='bbox 1747 2530 1774 2551; x_wconf 92' lang='lat' dir='ltr'>et</span> <span class='ocrx_word' id='word_1_738' title='bbox 1796 2525 1978 2560; x_wconf 84' lang='lat' dir='ltr'>pontificatu,</span> <span class='ocrx_word' id='word_1_739' title='bbox 2003 2532 2101 2550; x_wconf 78' lang='lat' dir='ltr'>mense</span> <span class='ocrx_word' id='word_1_740' title='bbox 2115 2525 2190 2558; x_wconf 88' lang='lat' dir='ltr'>junii</span> 
     </span>
     <span class='ocr_line' id='line_1_94' title="bbox 1227 2572 2190 2610; baseline -0.004 -8"><span class='ocrx_word' id='word_1_741' title='bbox 1227 2576 1273 2602; x_wconf 86' lang='lat' dir='ltr'>die</span> <span class='ocrx_word' id='word_1_742' title='bbox 1290 2575 1407 2607; x_wconf 76' lang='lat' dir='ltr'>xxm,</span> <span class='ocrx_word' id='word_1_743' title='bbox 1426 2575 1609 2610; x_wconf 86' lang='lat' dir='ltr'>presentibus</span> <span class='ocrx_word' id='word_1_744' title='bbox 1629 2574 1744 2600; x_wconf 89' lang='lat' dir='ltr'>domino</span> <span class='ocrx_word' id='word_1_745' title='bbox 1767 2573 1897 2599; x_wconf 84' lang='lat' dir='ltr'>Conrado</span> <span class='ocrx_word' id='word_1_746' title='bbox 1919 2573 1953 2599; x_wconf 87' lang='lat' dir='ltr'>de</span> <span class='ocrx_word' id='word_1_747' title='bbox 1976 2572 2119 2598; x_wconf 81' lang='lat' dir='ltr'>Brunt&#39;orti</span> <span class='ocrx_word' id='word_1_748' title='bbox 2139 2573 2190 2599; x_wconf 91' lang='lat' dir='ltr'>do-</span> 
     </span>
     <span class='ocr_line' id='line_1_95' title="bbox 1228 2621 2189 2660; baseline -0.005 -8"><span class='ocrx_word' id='word_1_749' title='bbox 1228 2626 1296 2652; x_wconf 92' lang='lat' dir='ltr'>mini</span> <span class='ocrx_word' id='word_1_750' title='bbox 1322 2633 1393 2660; x_wconf 87' lang='lat' dir='ltr'>pape</span> <span class='ocrx_word' id='word_1_751' title='bbox 1423 2624 1583 2659; x_wconf 80' lang='lat' dir='ltr'>capellano,</span> <span class='ocrx_word' id='word_1_752' title='bbox 1609 2624 1745 2657; x_wconf 84' lang='lat' dir='ltr'>magistro</span> <span class='ocrx_word' id='word_1_753' title='bbox 1768 2622 1876 2649; x_wconf 87' lang='lat' dir='ltr'>Jacobo</span> <span class='ocrx_word' id='word_1_754' title='bbox 1901 2622 1935 2648; x_wconf 85' lang='lat' dir='ltr'>de</span> <span class='ocrx_word' id='word_1_755' title='bbox 1961 2621 2061 2648; x_wconf 85' lang='lat' dir='ltr'>Parma</span> <span class='ocrx_word' id='word_1_756' title='bbox 2085 2622 2189 2648; x_wconf 83' lang='lat' dir='ltr'>clerico</span> 
     </span>
    </p>
   </div>
   <div class='ocr_carea' id='block_1_8' title="bbox 1194 2789 2191 3017">
    <p class='ocr_par' dir='ltr' id='par_1_10' title="bbox 1194 2789 2190 2874">
     <span class='ocr_line' id='line_1_96' title="bbox 1230 2789 2190 2825; baseline -0.006 -5"><span class='ocrx_word' id='word_1_757' title='bbox 1230 2795 1254 2820; x_wconf 82' lang='lat'>1.</span> <span class='ocrx_word' id='word_1_758' title='bbox 1272 2793 1364 2819; x_wconf 78' lang='lat' dir='ltr'>Meme</span> <span class='ocrx_word' id='word_1_759' title='bbox 1380 2793 1453 2819; x_wconf 83' lang='lat' dir='ltr'>date.</span> <span class='ocrx_word' id='word_1_760' title='bbox 1471 2807 1503 2811; x_wconf 93' lang='lat'>—</span> <span class='ocrx_word' id='word_1_761' title='bbox 1520 2792 1612 2818; x_wconf 75' lang='lat' dir='ltr'>Meme</span> <span class='ocrx_word' id='word_1_762' title='bbox 1629 2791 1814 2818; x_wconf 83' lang='lat' dir='ltr'>autorisation</span> <span class='ocrx_word' id='word_1_763' title='bbox 1828 2798 1899 2825; x_wconf 85' lang='lat' dir='ltr'>pour</span> <span class='ocrx_word' id='word_1_764' title='bbox 1911 2791 1951 2816; x_wconf 77' lang='lat' dir='ltr'>les</span> <span class='ocrx_word' id='word_1_765' title='bbox 1962 2798 2034 2824; x_wconf 87' lang='lat' dir='ltr'>gens</span> <span class='ocrx_word' id='word_1_766' title='bbox 2045 2789 2079 2815; x_wconf 86' lang='lat' dir='ltr'>de</span> <span class='ocrx_word' id='word_1_767' title='bbox 2094 2789 2190 2815; x_wconf 81' lang='lat' dir='ltr'>Monte</span> 
     </span>
     <span class='ocr_line' id='line_1_97' title="bbox 1194 2838 2121 2874; baseline -0.006 -4"><span class='ocrx_word' id='word_1_768' title='bbox 1194 2843 1320 2874; x_wconf 72' lang='lat' dir='ltr'>Fortino‚</span> <span class='ocrx_word' id='word_1_769' title='bbox 1337 2842 1450 2868; x_wconf 72' lang='lat' dir='ltr'>diocese</span> <span class='ocrx_word' id='word_1_770' title='bbox 1467 2841 1501 2867; x_wconf 87' lang='lat' dir='ltr'>de</span> <span class='ocrx_word' id='word_1_771' title='bbox 1518 2840 1635 2871; x_wconf 89' lang='lat' dir='ltr'>Fermo;</span> <span class='ocrx_word' id='word_1_772' title='bbox 1655 2840 1678 2865; x_wconf 86' lang='lat' dir='ltr'>la</span> <span class='ocrx_word' id='word_1_773' title='bbox 1695 2839 1852 2866; x_wconf 82' lang='lat' dir='ltr'>redevance</span> <span class='ocrx_word' id='word_1_774' title='bbox 1868 2843 1911 2865; x_wconf 83' lang='lat' dir='ltr'>est</span> <span class='ocrx_word' id='word_1_775' title='bbox 1927 2839 1960 2864; x_wconf 90' lang='lat' dir='ltr'>de</span> <span class='ocrx_word' id='word_1_776' title='bbox 1977 2839 2007 2864; x_wconf 73' lang='lat'>44</span> <span class='ocrx_word' id='word_1_777' title='bbox 2026 2838 2121 2864; x_wconf 77' lang='lat' dir='ltr'>livres.</span> 
     </span>
    </p>

    <p class='ocr_par' dir='ltr' id='par_1_11' title="bbox 1194 2887 2191 3017">
     <span class='ocr_line' id='line_1_98' title="bbox 1227 2887 2190 2925; baseline -0.006 -7"><span class='ocrx_word' id='word_1_778' title='bbox 1227 2893 1254 2919; x_wconf 74' lang='lat'>2.</span> <span class='ocrx_word' id='word_1_779' title='bbox 1277 2891 1310 2918; x_wconf 70' lang='lat'>23</span> <span class='ocrx_word' id='word_1_780' title='bbox 1330 2892 1392 2925; x_wconf 89' lang='lat' dir='ltr'>juin</span> <span class='ocrx_word' id='word_1_781' title='bbox 1419 2890 1493 2917; x_wconf 75' lang='lat'>1-291.</span> <span class='ocrx_word' id='word_1_782' title='bbox 1517 2903 1551 2909; x_wconf 86' lang='lat'>-</span> <span class='ocrx_word' id='word_1_783' title='bbox 1575 2889 1665 2915; x_wconf 75' lang='lat' dir='ltr'>Memc</span> <span class='ocrx_word' id='word_1_784' title='bbox 1688 2888 1887 2918; x_wconf 85' lang='lat' dir='ltr'>autorisation‚</span> <span class='ocrx_word' id='word_1_785' title='bbox 1912 2896 1982 2922; x_wconf 89' lang='lat' dir='ltr'>pour</span> <span class='ocrx_word' id='word_1_786' title='bbox 2005 2888 2045 2913; x_wconf 82' lang='lat' dir='ltr'>les</span> <span class='ocrx_word' id='word_1_787' title='bbox 2067 2895 2138 2921; x_wconf 77' lang='lat' dir='ltr'>gens</span> <span class='ocrx_word' id='word_1_788' title='bbox 2156 2887 2190 2912; x_wconf 79' lang='lat' dir='ltr'>de</span> 
     </span>
     <span class='ocr_line' id='line_1_99' title="bbox 1194 2935 2191 2971; baseline -0.007 -4"><span class='ocrx_word' id='word_1_789' title='bbox 1194 2940 1224 2968; x_wconf 92' lang='lat' dir='ltr'>S.</span> <span class='ocrx_word' id='word_1_790' title='bbox 1242 2940 1328 2966; x_wconf 75' lang='lat' dir='ltr'>Maria</span> <span class='ocrx_word' id='word_1_791' title='bbox 1345 2940 1370 2965; x_wconf 88' lang='lat' dir='ltr'>in</span> <span class='ocrx_word' id='word_1_792' title='bbox 1388 2939 1524 2965; x_wconf 79' lang='lat' dir='ltr'>Cassiano</span> <span class='ocrx_word' id='word_1_793' title='bbox 1542 2937 1649 2971; x_wconf 72' lang='lat' dir='ltr'>(Monte</span> <span class='ocrx_word' id='word_1_794' title='bbox 1669 2936 1828 2969; x_wconf 74' lang='lat' dir='ltr'>Cassiano),</span> <span class='ocrx_word' id='word_1_795' title='bbox 1845 2936 1960 2962; x_wconf 77' lang='lat' dir='ltr'>diocese</span> <span class='ocrx_word' id='word_1_796' title='bbox 1977 2935 2113 2962; x_wconf 74' lang='lat' dir='ltr'>d&#39;Osimo.</span> <span class='ocrx_word' id='word_1_797' title='bbox 2133 2935 2191 2961; x_wconf 69' lang='lat' dir='ltr'>Re-</span> 
     </span>
     <span class='ocr_line' id='line_1_100' title="bbox 1194 2988 1492 3017; baseline -0.007 -2"><span class='ocrx_word' id='word_1_798' title='bbox 1194 2989 1329 3017; x_wconf 74' lang='lat' dir='ltr'>devance,</span> <span class='ocrx_word' id='word_1_799' title='bbox 1348 2989 1380 3014; x_wconf 79' lang='lat'>50</span> <span class='ocrx_word' id='word_1_800' title='bbox 1397 2988 1492 3014; x_wconf 84' lang='lat' dir='ltr'>livres.</span> 
     </span>
    </p>
   </div>
  </div>
 </body>
</html>
