2392 3571
649 377 700 407 LE
723 378 870 409 LIBER
891 378 1126 410 CENSUUM
1150 380 1203 409 DE
1227 370 1412 410 L'FiGLISE
1434 380 1644 412 ROMAINE.
2136 384 2193 415 455

99 961 215 992 CCIII.
229 978 268 984 -
281 961 536 992 Ims'muusswrmx(
547 971 746 993 VENDITIONJS
759 972 866 993 css'rnt
880 964 995 993 Amclss
1008 973 1106 994 mea-13

140 1022 258 1044 nomme
276 1014 422 1045 Houomo
437 1023 514 1044 PAPR
528 1015 578 1044 III
591 1016 613 1043 ¹.

177 1121 212 1149 In
243 1121 368 1149 nomine
396 1121 529 1149 Domini.
567 1121 656 1149 Anno
691 1121 842 1150 dominice
878 1122 1106 1151 incarnationis

139 1173 335 1202 M.CG.XXIII
347 1177 373 1201 et
388 1181 471 1202 anno
485 1174 611 1210 septimo
625 1174 825 1210 pontificatus
840 1174 959 1203 domini
976 1175 1107 1204 Honorii

140 1227 223 1254 tertii
238 1234 325 1263 pape,
346 1226 511 1254 indictione
526 1226 573 1261 XI,
592 1235 692 1255 mense
707 1227 815 1262 madii,
831 1227 879 1256 (lie
894 1229 949 1256 XX.
960 1228 1019 1256 Nos
1034 1228 1105 1265 qui-

138 1279 206 1307 dem.
229 1278 425 1307 Malabranca
449 1278 535 1314 filius
560 1279 713 1315 quondam
740 1279 874 1308 Conradi
899 1280 1103 1314 Malabrance,

138 1339 252 1360 necnon
275 1335 301 1359 et
321 1331 446 1360 Jacobus
465 1331 551 1367 filius
572 1331 647 1360 olim
669 1331 817 1369 Stephani
838 1333 1031 1361 denominati
1051 1332 1106 1361 do-

142 1383 221 1412 mini
236 1383 369 1412 Conradi
383 1383 445 1420 filit
458 1388 592 1421 patruus
610 1393 726 1421 quoque
742 1389 768 1413 et
783 1393 872 1421 nepos
883 1408 889 1420 ,
907 1386 992 1414 ambo
1011 1385 1106 1414 simul

139 1441 165 1464 et
186 1436 319 1473 pariter,
338 1436 427 1465 nulla
446 1437 479 1464 vi
501 1437 595 1465 coacti
618 1445 671 1465 nec
692 1437 758 1466 dolo
776 1437 897 1465 inducti
917 1442 957 1466 set
977 1438 1105 1475 propria

139 1493 243 1517 nostra
256 1488 420 1523 voluntate,
433 1493 503 1517 ante
514 1489 698 1525 presentiam
715 1489 834 1518 domini
849 1490 955 1518 Thome
967 1490 1019 1518 Dei
1031 1498 1104 1526 qra-

141 1541 185 1570 tia
200 1541 286 1569 tituli
299 1545 402 1569 sancte
411 1540 522 1570 Sabine
534 1541 695 1578 presbiteri
707 1542 878 1570 cardinalis
891 1547 917 1570 et
929 1542 1106 1579 subscriptis

140 1593 261 1622 testibus
281 1593 321 1621 ad
343 1593 397 1621 hoo
418 1593 592 1630 specialiter
614 1594 742 1630 roqatis,
762 1594 906 1630 confitens
926 1599 951 1623 et
970 1603 1106 1623 asserens

139 1655 190 1682 eqo
206 1646 379 1683 specialiter
392 1646 517 1675 Jacobus
536 1655 580 1675 me
593 1647 714 1683 plenam
734 1652 759 1675 et
776 1647 947 1684 leyitimarn
962 1648 1034 1676 XXV
1046 1656 1106 1676 an-

139 1707 250 1727 norum
266 1703 373 1727 etatem
384 1699 500 1734 habere,
516 1699 595 1736 quod
612 1707 674 1728 non
694 1700 798 1728 vitiose
813 1704 854 1728 set
870 1700 902 1728 in
920 1701 963 1728 rei
979 1701 1106 1729 veritate

139 1751 218 1784 dico.
236 1751 490 1780 consentientibus
508 1752 540 1780 in
556 1752 610 1780 hoc
625 1752 710 1780 nobis
729 1752 853 1780 domina
867 1753 992 1781 Mabilia
1008 1757 1106 1781 matre

138 1804 198 1832 mei
209 1803 400 1832 Malabrance
413 1808 438 1832 et
451 1803 523 1832 avia
536 1805 596 1832 mei
608 1804 720 1838 Jacobi,
734 1812 849 1833 necnon
863 1809 889 1833 et
901 1805 1001 1834 Maria
1014 1813 1106 1834 umore

140 1857 199 1884 mei
212 1856 402 1885 Malabrance
415 1861 441 1885 et
455 1857 553 1885 Maria
565 1857 645 1885 Bella
659 1865 752 1885 umore
767 1857 825 1885 inei
835 1858 947 1892 Jacobi,
962 1862 989 1886 et
1001 1858 1106 1886 omnia

140 1917 243 1938 eorum
254 1909 333 1946 J'ura
349 1909 464 1937 dotium
481 1914 506 1937 et
521 1909 721 1938 donationum
741 1910 828 1938 tacite
843 1910 887 1938 vel
902 1911 1063 1947 expressim
1081 1914 1106 1938 et

138 1961 228 1990 aliud
239 1962 510 1998 quodcumquejus
525 1963 555 1990 in
571 1962 749 1998 subscriptis
763 1962 848 1990 rebus
859 1963 964 1991 habere
976 1971 1106 1999 quoquo-

139 2015 225 2044 modo
247 2015 392 2043 videntur
415 2019 440 2043 et
468 2015 657 2052 adjutorium
686 2016 828 2044 l'ellciani
849 2016 1107 2044 senatusconsulti

139 2072 289 2105 quantum
307 2067 347 2096 ad
364 2068 418 2096 hoc
437 2068 570 2104 pertinet
585 2068 712 2096 omnino
729 2068 933 2102 refutantibus
954 2072 981 2096 et
1002 2075 1106 2096 conce-

139 2120 278 2149 dentibus
299 2124 324 2148 et
345 2120 398 2148 sub
424 2120 568 2155 inferiori
586 2128 660 2157 pene
682 2124 708 2148 et
738 2120 860 2148 vinculo
875 2120 1052 2156 juramenti
1071 2121 1106 2148 ab

139 2174 180 2201 eis
198 2173 396 2210 corporaliter
412 2173 536 2209 prestiti
556 2172 636 2201 lianc
654 2173 869 2207 refutationem
887 2177 913 2200 et
928 2181 1106 2201 consensum

139 2227 294 2255 observare
313 2230 339 2254 et
361 2230 467 2254 contra
486 2225 574 2254 nulla
598 2226 716 2254 ratione
736 2226 840 2254 venire
858 2230 884 2254 et
901 2225 980 2254 dieta
1001 2234 1106 2254 eorum

133 2280 210 2316 jura
230 2279 350 2307 nemini
366 2279 519 2315 obliqusse,
538 2279 720 2313 concessisse,
742 2287 794 2307 nec
811 2279 902 2307 aliter
917 2279 1064 2307 alienasse
1080 2284 1107 2307 et

140 2333 166 2360 si
183 2331 312 2359 secundo
329 2335 393 2367 post
413 2331 570 2359 biennium
595 2335 686 2358 erunt
708 2331 835 2359 excitate
851 2331 930 2359 hanc
946 2331 1107 2367 refutatio-

140 2393 210 2412 nem
225 2388 250 2412 et
261 2391 441 2412 consensum
452 2383 634 2419 confirmare
645 2384 904 2420 promittentibus,
915 2384 1002 2412 ambo
1012 2384 1107 2412 simul

141 2441 167 2465 et
188 2440 222 2464 ut
242 2435 357 2464 dictum
383 2439 422 2463 est
442 2436 561 2472 pariter
576 2436 739 2463 vendimus
754 2440 780 2464 et
798 2436 832 2464 in
848 2437 979 2464 solutum
998 2436 1108 2464 damus

140 2494 229 2525 atque
240 2487 430 2516 concedimus
442 2492 467 2515 et
478 2496 533 2527 per
546 2487 703 2516 dominum
721 2488 842 2516 Petrum
859 2489 1020 2531 Capocium
1037 2497 1106 2517 nos-

142 2546 222 2569 trum
238 2544 464 2577 procuratorem
480 2539 519 2568 ad
530 2540 581 2568 hoc
597 2548 614 2568 a
631 2540 715 2568 nobis
726 2541 898 2577 specialiter
906 2542 1105 2570 constitutum

138 2594 258 2631 publice
268 2601 303 2622 ac
316 2593 516 2630 corporaliter
531 2593 722 2621 investientes
735 2594 887 2622 tradimus
902 2595 980 2623 cobis
998 2594 1106 2622 videli-

141 2650 182 2674 cet
193 2645 317 2673 domino
328 2644 483 2673 Benedicto
496 2645 545 2672 Dei
558 2645 661 2681 qratia
672 2644 737 2673 dom
745 2645 928 2674 iniHonorii
940 2647 1022 2674 tertii
1032 2654 1106 2682 pape

138 2825 163 2850 1.
181 2823 219 2849 Le
237 2824 301 2849 titre
319 2822 445 2856 primitis,
464 2821 604 2855 remptace
622 2829 670 2853 pai·
686 2822 711 2847 la
727 2820 873 2855 rubi-ique,
891 2822 958 2847 etait
971 2832 976 2847 :
991 2822 1107 2848 Cat-tuta

102 2873 267 2899 venditionis
282 2871 368 2896 castri
384 2871 485 2896 Aricie.
500 2883 536 2890 —
550 2869 584 2895 ‘20
601 2869 656 2894 mai
676 2868 752 2896 1223.
767 2883 800 2888 —-
815 2869 996 2896 Malabranca
1011 2873 1038 2896 et
1053 2878 1106 2896 son

103 2927 194 2947 neveu
210 2918 337 2952 Jucques
355 2917 479 2944 vendent
493 2925 528 2943 au
544 2924 616 2951 pape
633 2915 780 2942 Honorius
796 2915 838 2942 111
856 2917 934 2943 leurs
950 2917 1041 2943 droits
1057 2925 1108 2943 sur

102 2968 239 2995 Lariccia.
261 2966 304 2992 Cf.
326 2966 482 2998 Pressutti,
501 2967 560 2999 Περ.
578 2966 678 2992 Honor.
696 2966 749 2997 ΙΙΙ,
767 2972 798 2991 n⁰
817 2965 898 2996 1560;
916 2965 1021 3000 Nibby‚
1041 2967 1108 2992 Din-

103 3017 187 3047 torni,
203 3018 223 3042 t.
242 3015 263 3048 1,
282 3024 308 3049 p.
326 3014 388 3041 259.

1228 966 1399 994 camerario
1417 971 1444 994 et
1461 968 1659 1003 procuratori
1673 968 1708 996 in
1724 968 1779 997 hac
1794 978 1884 998 causa
1900 971 1936 999 ab
1951 972 2050 1001 eodem
2069 973 2194 1002 domino

1224 1026 1307 1055 papa
1328 1019 1502 1055 specialiter
1519 1020 1693 1055 constituto,
1712 1021 1752 1049 ad
1770 1030 1844 1058 opus
1866 1027 1965 1053 tamen
1983 1029 2009 1053 et
2024 1026 2192 1055 utilitatem

1227 1070 1326 1107 ipsius
1341 1070 1462 1099 domini
1478 1079 1556 1108 pape
1577 1076 1604 1100 et
1623 1080 1824 1101 successorum
1842 1075 1905 1110 ejus
1920 1084 1954 1104 ac
1970 1077 2060 1105 totius
2076 1078 2192 1106 ecclesie

1226 1122 1358 1151 Romane
1369 1128 1523 1160 perpetuo,
1541 1124 1571 1152 id
1586 1129 1627 1152 est
1642 1129 1735 1153 totum
1753 1130 1778 1153 et
1793 1126 1947 1163 inteqrum
1963 1134 2097 1158 castrum
2113 1130 2193 1167 quod

1227 1174 1344 1203 dicitur
1360 1176 1465 1204 Aricia
1485 1184 1552 1204 cum
1579 1177 1661 1205 turri
1679 1185 1698 1205 a
1720 1177 1803 1206 nobis
1820 1178 1849 1206 in
1868 1187 1898 1207 eo
1916 1180 2017 1208 celibi
2033 1181 2194 1218 hedificata

1220 1228 1293 1264 juri
1307 1232 1333 1257 et
1352 1228 1489 1256 dominio
1504 1229 1635 1257 Romane
1651 1230 1944 1267 ecclesiepertinens,
1958 1241 2026 1261 cum
2042 1234 2188 1270 domibus,

1227 1281 1384 1315 casalinis,
1399 1282 1488 1310 terris
1503 1286 1529 1310 et
1544 1283 1654 1318 vineis,
1669 1283 1755 1317 ortis,
1768 1286 1964 1321 cannapinis,
1979 1287 2078 1323 aquis,
2093 1288 2191 1323 silvis,

1224 1334 1339 1370 pratis,
1355 1335 1504 1370 pantanis
1518 1339 1545 1363 et
1558 1336 1696 1372 pascuis,
1713 1336 1845 1365 vallibus
1863 1346 1979 1374 quoque
1994 1340 2146 1368 montibus
2168 1345 2194 1369 et

1226 1386 1352 1415 collibus
1366 1391 1392 1415 et
1407 1386 1536 1424 denique
1550 1396 1618 1416 cum
1635 1389 1775 1417 omnibus
1789 1390 1854 1418 suis
1872 1391 1986 1426 usibus,
2006 1392 2195 1422 utilitatibus

1227 1443 1253 1467 et
1269 1439 1465 1475 pertinentiis
1482 1439 1565 1467 intus
1581 1445 1607 1468 et
1623 1439 1733 1476 deforis
1754 1441 1837 1469 nobis
1852 1442 1939 1471 modo
1955 1444 2083 1480 quolibet
2096 1446 2195 1481 pcrti-

1227 1491 1380 1525 nentibus,
1404 1500 1521 1520 necnon
1546 1496 1572 1520 et
1589 1493 1693 1521 omnia
1711 1497 1814 1522 nostra
1835 1495 1913 1530 jura
1937 1500 1962 1523 et
1985 1497 2116 1526 actiones
2139 1507 2196 1535 que

1230 1543 1314 1571 nobis
1338 1544 1369 1571 in
1392 1543 1470 1572 dicto
1494 1549 1592 1572 castro
1617 1549 1643 1573 et
1668 1545 1842 1574 tenimentis
1865 1552 1892 1575 et
1913 1549 2109 1584 pertinentiis
2131 1551 2195 1587 esus

1227 1597 1314 1625 intus
1328 1601 1354 1624 et
1370 1596 1482 1632 deforis
1496 1602 1668 1634 competunt
1686 1598 1730 1626 vel
1749 1603 1911 1636 competere
1928 1606 2056 1636 possent,
2077 1606 2102 1630 et
2118 1611 2194 1639 quas

1229 1653 1259 1677 et.
1275 1657 1331 1685 que
1352 1653 1415 1677 tam
1436 1649 1472 1677 ab
1492 1650 1613 1678 ecclesia
1634 1650 1770 1679 Romana
1793 1659 1883 1687 quam
1910 1652 1946 1680 ab
1970 1654 2034 1682 alia
2061 1655 2194 1691 qualibet

1225 1709 1357 1738 persona
1382 1702 1428 1730 vel
1449 1702 1569 1730 ecclesia
1594 1707 1654 1731 tam
1673 1703 1747 1739 jure
1769 1704 1909 1740 pignoris
1932 1705 1976 1733 vel
1994 1706 2079 1741 feudi
2101 1716 2196 1743 quam

1227 1754 1319 1782 etiam
1344 1753 1530 1782 hereditario
1545 1755 1620 1791 jure
1636 1759 1662 1783 et
1680 1760 1782 1784 nostra
1800 1765 1850 1784 seu
1867 1762 1996 1793 paterno
2017 1759 2061 1787 vel
2080 1760 2195 1789 avitica

1227 1806 1429 1842 acquisitione
1447 1807 1493 1834 vel
1511 1807 1603 1835 aliter
1618 1807 1726 1843 quovis
1749 1808 1833 1836 modo
1855 1808 1998 1838 habemus
2016 1815 2041 1838 et
2061 1816 2195 1840 tenemus

1228 1859 1386 1895 cujuslibet
1402 1859 1446 1887 rei
1465 1859 1508 1887 vel
1523 1867 1611 1888 cause
1625 1865 1768 1897 respectu,
1789 1861 1877 1889 nulla
1892 1862 1975 1891 nobis
1993 1864 2075 1898 facta
2098 1873 2196 1893 reser-

1227 1911 1348 1939 vatione
1365 1911 1541 1945 vendimus,
1559 1916 1584 1940 et
1600 1916 1633 1940 ¹ut
1648 1912 1762 1941 dictum
1787 1918 1828 1941 est
1847 1915 2031 1951 corporalem
2051 1917 2196 1945 traditio-

1230 1972 1294 1991 nem
1311 1964 1540 1999 transferimus.
1558 1964 1641 1992 Hanc
1656 1969 1756 1992 autem
1776 1965 1981 1994 venditionem
1994 1972 2020 1995 et
2033 1970 2196 1998 concessio-

1230 2025 1295 2044 nem
1313 2021 1338 2043 ct
1354 2025 1410 2052 que
1425 2015 1504 2044 dicta
1521 2020 1591 2044 sunt
1607 2017 1712 2045 omnia
1733 2017 1811 2046 vobis
1828 2023 1859 2046 ιιι
1875 2018 1989 2047 dictum
2008 2025 2048 2049 est
2062 2022 2196 2056 facimus

1225 2077 1281 2105 pro
1304 2068 1362 2097 duo
1384 2069 1522 2097 millibus
1540 2069 1715 2106 quinyentis
1731 2070 1819 2098 libris
1834 2071 1979 2101 bonorum
1994 2076 2195 2110 provensium

1228 2126 1351 2150 senatus
1376 2130 1451 2158 quas
1473 2122 1556 2150 nobis
1580 2130 1664 2151 nunc
1685 2131 1742 2159 pro
1758 2127 1816 2152 toto
1836 2125 1935 2160 pretio
1951 2130 1976 2153 et
1993 2128 2078 2155 omni
2095 2133 2197 2158 nostro

1222 2175 1296 2211 jure
1317 2183 1375 2211 pro
1396 2175 1458 2212 ipso
1489 2175 1612 2203 domino
1636 2184 1718 2212 papa
1745 2181 1770 2204 et
1790 2177 1824 2204 de
1841 2179 1973 2214 pecunia
1997 2180 2060 2216 ejus
2080 2189 2196 2210 camere

1224 2228 1440 2265 procuratorio
1458 2228 1582 2256 nomine
1597 2228 1676 2256 datis
1695 2233 1785 2265 atque
1798 2229 2018 2269 persolv[i]tis;
2036 2232 2070 2260 cle
2087 2234 2196 2269 quibus

1228 2281 1370 2309 omnibus
1391 2289 1445 2308 nos
1464 2281 1534 2308 bene
1556 2281 1670 2317 quietos
1692 2289 1835 2310 vocamus
1856 2287 1881 2310 et
1905 2291 1965 2311 non
1987 2285 2081 2313 soluti
2101 2287 2195 2322 pretii

1229 2333 1429 2370 eoeceptionem
1451 2334 1642 2368 refutamus;
1666 2342 1799 2370 quarum
1827 2342 1881 2363 cce
1905 2336 1978 2363 libre
1995 2340 2195 2374 provensium

1227 2385 1310 2422 apud
1321 2385 1462 2414 Jacobum
1480 2385 1622 2414 Scarsum
1642 2391 1800 2415 remanent
1815 2388 1965 2422 solutum,
1987 2397 2023 2418 ce
2041 2391 2115 2419 libre
2131 2392 2196 2427 filie

1229 2437 1345 2465 Gnidon
1353 2438 1377 2465 is
1390 2437 1510 2465 I'elletri
1525 2443 1650 2474 coynate
1668 2438 1724 2466 niei
1740 2439 1930 2468 JIalabrance
1943 2450 1999 2477 pro
2014 2442 2195 2479 obliqatione

1228 2498 1319 2525 quam
1338 2489 1422 2517 habet
1439 2490 1468 2517 in
1486 2489 1564 2517 dicto
1581 2494 1688 2523 castro,
1709 2495 1733 2518 et
1749 2498 1765 2519 c
1782 2491 1855 2519 libre
1870 2492 2006 2521 Johanni
2021 2494 2086 2530 filio
2102 2495 2196 2532 hujus

1228 2541 1357 2577 ejusdem
1383 2542 1547 2569 scriniarii
1567 2542 1658 2570 donec
1681 2542 1764 2570 nobis
1789 2543 2001 2578 refutationem
2025 2547 2140 2582 fiiciat,·
2162 2549 2195 2576 in

1228 2595 1337 2630 quibus
1352 2595 1442 2622 etiam
1462 2603 1530 2622 mm
1548 2595 1633 2623 libris
1646 2596 1843 2631 provensium
1865 2597 1948 2626 nobis
1967 2607 2195 2635 compensamus

1230 2646 1300 2674 illas
1317 2654 1338 2673 M
1361 2646 1455 2674 libras
1473 2647 1670 2682 procensium
1691 2652 1815 2675 senatus
1834 2657 1910 2684 quas
1928 2650 2010 2678 nobis
2027 2652 2195 2687 prelibatus

1228 2698 1371 2726 dominus
1384 2706 1465 2735 papa
1480 2707 1570 2735 super
1584 2700 1681 2736 ipsum
1698 2704 1831 2728 castrum
1850 2705 1875 2728 ct
1891 2702 1970 2730 alias
1987 2711 2032 2731 res
2047 2708 2072 2731 et
2086 2713 2195 2741 posses-

1227 2750 1326 2777 siones
1342 2754 1459 2778 nostras
1476 2755 1581 2778 mutua
1589 2751 1631 2779 vit
1643 2751 1786 2787 sicutper
1797 2752 1937 2788 piqnoris
1953 2754 2195 2786 instrumentum

1228 2809 1324 2829 manu
1353 2802 1446 2838 husus
1474 2802 1604 2838 ejusaem
1630 2804 1794 2831 scriniarii
1817 2805 1964 2841 scriptum
1993 2813 2127 2844 apparet.
2156 2810 2196 2838 De

1229 2853 1340 2889 quibus
1356 2854 1439 2881 nobis
1453 2863 1507 2890 pro
1523 2854 1602 2882 dicto
1617 2855 1740 2883 domino
1749 2864 1828 2892 papa
1842 2860 2055 2893 procuratorio
2071 2863 2195 2891 nomine

1226 2915 1281 2943 per
1299 2907 1380 2934 liunc
1399 2906 1524 2934 eundem
1548 2907 1723 2944 scriptorem
1753 2909 1963 2943 refutationem
1979 2912 2090 2946 facitis.
2110 2914 2196 2943 Ideo-

1229 2967 1285 2995 que
1301 2959 1408 2987 amodo
1424 2959 1522 2987 dictus
1535 2959 1679 2988 dominus
1691 2969 1772 2998 papa
1789 2966 1813 2989 et
1830 2962 1971 2998 quislibet
1987 2973 2040 3000 pro
2055 2974 2085 2993 eo
2102 2967 2196 2995 licen-

1232 3010 1306 3038 tiam
1333 3015 1359 3038 et
1379 3015 1551 3047 potestatem
1579 3012 1683 3040 habeat
1706 3012 1819 3041 dictum
1845 3019 1979 3043 castrum
1997 3022 2090 3053 prout
2114 3019 2197 3048 nobis
