2392 3571
595 345 643 373 LE
668 344 809 373 LIBER
834 343 1067 374 CENSUUM
1093 344 1146 372 DE
1170 334 1356 373 L'EGLISE
1381 346 1589 375 HOMAINE.
2082 352 2141 381 487

86 410 221 445 δι’(ῃονίῖ
238 419 311 446 pape
331 410 403 437 noui
418 419 500 437 (inno
520 411 591 442 ῑἸΙ”,
612 420 708 438 mense
729 412 851 444 martio7
871 411 917 438 die
937 410 1048 443 A'Xt'tl,

85 462 252 490 indictione
278 467 370 490 seoeta.
405 463 461 498 lisso
486 463 660 491 Frasnettns
688 463 721 490 de
748 464 888 491 l’nlliano
917 464 971 491 hac
1004 462 1051 490 die

83 515 214 551 presenti
228 515 353 551 propriu
365 519 390 542 ct
403 519 569 551 spontanea
589 516 742 543 voluntate
756 516 847 543 vendo
859 520 885 543 et
899 516 1051 543 irrcroea-

84 568 185 595 biliter
199 568 284 595 trudo
299 568 352 595 tibi
372 569 517 604 nmyistro
529 568 626 596 Boetia
643 569 749 596 clerico
763 569 881 596 domini
893 576 967 605 pape
980 577 1051 604 pro-

77 621 240 648 ⁴curatoria
252 621 439 657 nominepro
453 621 515 656 ipso
524 620 646 648 domino
655 629 732 657 papa
745 622 867 656 suisque
877 621 1051 648 suecessori-

86 674 139 701 bus
155 678 179 700 et
198 674 329 701 lfomana
347 674 468 701 ecclesia
485 673 641 709 recipienti
661 673 691 700 in
708 678 898 709 perpetuum,
916 673 1052 700 videlicet

86 730 176 753 totam
197 730 223 753 et
246 726 394 761 intr-yram
411 729 527 761 partem
554 734 646 752 meam
670 734 750 752 rocce
766 733 801 753 ac
821 726 914 753 castri
929 725 1052 752 l'aliani

86 782 111 805 et
129 785 208 804 rocce
224 785 258 804 ac
274 777 367 805 castri
383 776 532 811 Serranis,
548 786 613 804 cnm
629 777 694 804 [lom
703 777 767 804 ibus
782 782 807 805 et
819 777 966 805 casalinis
978 786 1053 813 quas

86 835 111 859 et
131 839 186 866 que
209 831 239 858 in
263 830 408 866 predictis
427 831 519 858 roccis
544 831 634 858 liabeo
651 835 677 858 ct
700 831 794 858 michi
809 835 980 866 competunt
997 839 1053 867 pro

85 883 184 911 ‹tiviso
209 883 252 910 rel
276 883 419 915 indiviso,
437 892 504 911 cum
523 883 942 919 omnijure.jurisdictione
958 888 983 911 et
1002 892 1053 911 ac-

87 937 177 968 tione,
200 935 336 963 dominio
358 941 383 964 et
406 936 528 969 honore,
552 940 577 963 et
597 940 656 963 tam
682 936 713 963 *in
738 936 879 964 vassallis
900 944 991 972 quum
1021 937 1053 963 in

87 989 185 1021 terris,
208 989 314 1022 vineise
329 990 439 1025 pratis,
456 989 618 1023 montibus,
632 989 768 1022 collibus,
781 989 937 1025 planiciis,
952 989 1049 1023 silvis,

83 1042 221 1079 pascuis,
241 1042 330 1078 aquis
347 1046 372 1069 et
395 1042 635 1070 comunitatibus
650 1041 821 1075 universis,
839 1042 917 1070 sicut
934 1042 1014 1070 mihi
1029 1046 1054 1070 ct

86 1094 244 1123 heredibus
262 1095 336 1123 meis
352 1099 523 1131 competunt
539 1103 593 1130 pro
609 1093 707 1122 diviso
725 1095 769 1123 cet
788 1094 920 1122 indiciso
938 1095 967 1122 in
983 1103 1055 1131 pre-

86 1147 176 1175 (lictis
192 1147 301 1175 castris
315 1147 401 1175 intus
418 1151 443 1174 ct
461 1151 546 1175 castra
565 1155 619 1183 per
640 1151 732 1174 totum
750 1147 922 1175 eorumdem
940 1151 1055 1175 castro·
1080 1139 1086 1152 ²

86 1209 156 1228 rum
173 1200 363 1228 [erritorium
379 1204 404 1228 ct
417 1200 592 1227 districtum
604 1210 614 1234 ;
631 1204 656 1228 et
668 1208 684 1227 a
698 1200 830 1236 presenti
846 1199 918 1228 doct
931 1199 1055 1228 concedo

86 1254 146 1290 ipsi
168 1253 290 1281 domino
309 1261 384 1290 pape
403 1254 526 1289 suisque
546 1253 762 1281 successoribus
778 1253 904 1290 plenum
923 1253 1055 1281 manda-

88 1310 193 1334 tumet
215 1306 342 1334 liberam
362 1310 537 1343 potestatem
558 1306 702 1334 intrandi
724 1310 749 1334 et
771 1306 941 1342 arripiendi
955 1314 1010 1342 per
1027 1315 1055 1333 se

87 1359 133 1388 ‘ccl
147 1368 200 1396 per
214 1363 440 1395 procuratorem
458 1367 548 1386 suum
564 1359 747 1387 auctoritate
755 1359 883 1396 propria
894 1359 1055 1395 posscssio-

86 1420 153 1440 nem
170 1412 308 1440 omnium
324 1411 541 1448 predictorum,
556 1416 582 1439 et
598 1411 728 1439 habendi
747 1411 867 1440 tenendi
881 1411 1056 1448 possidendi

88 1464 127 1493 ad
142 1473 216 1502 opus
231 1468 255 1492 et
273 1464 438 1492 utilitatem
462 1464 592 1492 Romane
611 1464 726 1492 ecclesie
746 1464 780 1492 in
795 1468 973 1501 perpetuum
990 1473 1056 1492 om-

88 1517 143 1545 nia
157 1517 355 1554 supradict&
372 1521 397 1544 et
414 1516 562 1553 quicquid
577 1525 627 1552 090
650 1517 694 1545 rel
714 1517 778 1545 atta
795 1525 924 1553 persona
939 1525 994 1553 pro
1010 1525 1056 1544 vme

87 1570 122 1598 de
134 1570 277 1607 predictis
292 1570 433 1598 omnibus
446 1570 641 1606 possidemus,
660 1578 676 1597 a
691 1570 824 1606 presenti
842 1579 886 1598 me
905 1570 1056 1598 constituo

88 1623 211 1652 nomine
226 1623 358 1651 Romane
374 1622 490 1651 ecclesie
504 1622 665 1659 possidere.
683 1622 774 1651 Salvo
787 1631 842 1659 per
854 1623 960 1651 omnia
976 1622 1057 1651 mihi

88 1680 115 1704 et
130 1675 288 1704 heredibus
295 1680 319 1703 et
328 1675 547 1704 successoribus
554 1676 628 1703 meis
643 1675 722 1711 quod
734 1675 1056 1712 universaspossessio-

88 1736 140 1756 nes
157 1732 183 1756 et
197 1728 273 1756 bona
287 1736 353 1756 mea
369 1727 540 1756 immobilia
551 1732 576 1755 et
590 1736 692 1755 omnes
706 1727 842 1756 redditus
852 1728 1054 1756 vassallorum

88 1789 225 1809 meorum
243 1789 315 1818 quos
334 1785 360 1809 et
382 1789 437 1818 que
455 1785 543 1809 extra
563 1781 752 1809 munitiones
771 1781 979 1818 predictorum
996 1790 1057 1809 cas-

90 1838 209 1862 trorum
226 1834 321 1870 hthus
336 1833 537 1862 alienationis
553 1837 682 1870 tempore
704 1834 733 1861 in
758 1834 867 1862 castris
890 1834 1057 1862 habueram

88 1887 275 1919 memoratis,
298 1895 347 1923 eqo
368 1891 394 1914 et
415 1886 533 1915 heredes
557 1891 583 1914 et
607 1895 786 1915 successores
810 1887 871 1915 mei
895 1896 912 1914 a
934 1887 1058 1915 domino

87 1948 167 1977 papa
189 1944 215 1968 ct
232 1940 367 1968 Romana
383 1940 503 1967 ecclesia
525 1940 555 1967 in
574 1940 701 1975 seudum
723 1939 756 1967 de
774 1944 866 1968 cetero
889 1945 1054 1975 teneamus,

87 1993 133 2021 ita
150 1997 250 2020 tamen
271 1992 350 2028 quod
370 2001 419 2029 eqo
441 1996 466 2020 et
485 1992 605 2020 heredes
626 1997 652 2020 et
672 2001 850 2021 successores
866 1993 925 2021 ¹mei
939 1993 1059 2021 domini

85 2054 162 2082 pape
178 2049 204 2073 et
220 2054 423 2073 successorum
446 2054 569 2073 suorum
593 2054 627 2074 ac
650 2046 780 2074 Romane
800 2046 916 2073 ecclesie
934 2046 1058 2073 vassalli

88 2098 186 2126 simus
207 2097 315 2126 eoeinde
339 2098 370 2126 in
391 2102 571 2134 perpetuum
593 2102 618 2126 et
635 2098 745 2134 fideles,
770 2103 795 2126 et
818 2098 912 2126 eidem
934 2098 1058 2127 domino

86 2159 162 2188 pape
177 2151 300 2187 suisque
315 2151 533 2179 successoribus
550 2155 576 2178 et
590 2151 720 2178 Romane
739 2151 855 2179 ecclesie
868 2156 991 2188 propter
1006 2152 1058 2180 hoc

87 2204 260 2241 specialiter
268 2208 436 2240 prestemus
447 2204 624 2240 homayium
637 2204 804 2240 personate.
815 2205 873 2232 Pro
881 2213 941 2241 qua
954 2205 1059 2241 ntique

88 2256 264 2285 venditione
279 2261 305 2284 et
322 2256 487 2284 traditione
501 2256 642 2291 confiteor
660 2265 706 2284 me
721 2257 862 2293 recepisse
879 2261 903 2285 et
919 2257 1059 2286 habuisse

90 2318 109 2338 a
126 2309 248 2337 domino
266 2308 421 2337 Benedicto
443 2308 575 2345 ejusdem
592 2308 712 2336 domini
727 2318 800 2345 pape
815 2311 986 2338 camerario
1005 2319 1059 2338 no—

90 2362 173 2390 mine
204 2362 302 2398 ipsius
331 2361 450 2389 domini
477 2370 552 2398 pape
568 2366 593 2389 et
624 2362 742 2390 ecclesie
771 2362 900 2390 Romane
929 2363 1059 2391 solvente

90 2422 206 2444 ccxxul
221 2414 316 2442 libras
328 2414 472 2442 bonorum
486 2414 735 2450 proveniensium
749 2419 890 2449 senatus;
905 2415 938 2443 de
949 2416 1059 2452 quibus

89 2468 159 2496 bene
181 2476 227 2496 me
248 2475 317 2496 voco
338 2467 478 2503 quietum
493 2471 518 2495 et
534 2467 620 2504 plene
634 2472 794 2504 payatum,
815 2469 983 2505 exceptioni
998 2477 1059 2497 non

90 2524 249 2548 numerate
262 2519 391 2556 pecunie
406 2519 628 2548 renuntiando.
645 2520 680 2547 Et
695 2520 722 2547 si
737 2520 873 2556 predicta
895 2521 971 2549 bona
989 2521 1060 2557 plus

90 2573 202 2607 valent,
221 2577 314 2600 totum
333 2571 426 2600 eidem
444 2572 566 2600 domino
579 2580 655 2609 pape
667 2573 789 2609 suisque
802 2574 1021 2602 successoribus
1032 2579 1059 2602 et

90 2625 222 2653 Romane
246 2624 363 2652 ecclesie
382 2623 458 2652 dono
478 2628 567 2660 atque
589 2624 714 2653 concedo
729 2625 802 2661 jure
824 2625 999 2654 donationis
1024 2627 1055 2654 in

89 2681 280 2714 perpetuum.
299 2677 357 2704 Pro
379 2677 488 2713 quibus
509 2677 649 2705 omnibus
667 2677 801 2714 firmiter
817 2683 843 2706 et
858 2678 990 2715 fideliter
1007 2680 1058 2708 ob-

71 2729 251 2763 ,servandis
268 2730 372 2757 omnia
396 2738 462 2758 mea
485 2730 559 2758 bona
582 2730 706 2758 mobilia
728 2735 753 2758 ct
776 2731 943 2759 immobilia
962 2732 1056 2760 eidem

90 2782 215 2810 domino
228 2790 304 2819 pape
319 2786 345 2809 et
360 2783 578 2810 successoribus
592 2783 657 2810 suis
670 2783 765 2819 obttyo
779 2788 805 2811 et
821 2783 919 2811 eadem
938 2784 973 2812 ab
986 2785 1059 2821 ipsis

88 2835 228 2871 precario
259 2843 304 2862 me
332 2835 481 2863 constituo
506 2835 657 2872 possidere
669 2857 675 2869 ,
702 2836 911 2864 renuntiando
941 2837 972 2864 in,
997 2836 1059 2864 hiis

1175 411 1389 445 remliffmnnn⁷
1418 413 1612 441 trutlititmem
1639 419 1664 441 ct
1685 416 1789 443 ‹nnnin
1813 418 1990 453 supradicta
2014 420 2140 455 prestito

1173 468 1242 490 nnte
1260 465 1649 500 corporaliterjurann·nto
1663 469 1808 504 promitto
1828 475 1893 497 rata
1910 475 1935 498 et
1951 471 2042 506 firma
2060 480 2140 500 sem-

1171 525 1225 552 per
1248 517 1353 544 habere
1373 522 1398 543 et
1421 524 1561 554 perpetuo
1586 521 1807 549 inriolaln'litcr
1829 523 1984 551 obscrrare
2006 529 2031 552 et
2054 525 2140 553 nullo

1174 569 1260 595 modo
1284 570 1329 596 rel
1353 570 1474 604 inpenin
1496 577 1599 599 eontra
1623 573 1737 607 venire,
1763 574 1812 601 scd
1835 576 1862 601 si
1881 584 1954 612 opus
1978 581 2003 604 et
2029 585 2141 605 necesse

1173 621 1268 655 fuerit
1289 622 1422 657 leyitinte
1438 623 1593 657 defendere
1609 626 1644 651 ab
1660 627 1743 653 omni
1761 635 1898 662 persona.
1923 629 2005 661 (tund
2019 630 2046 656 si
2061 638 2078 657 a
2096 637 2142 657 me

1175 674 1220 701 vet
1236 674 1394 701 heredibus
1409 680 1462 702 ant
1479 678 1697 705 successorilnrs
1712 680 1784 706 meis
1795 680 1929 715 predicta
1945 689 2003 709 non
2021 682 2141 715 fuerint

1175 726 1328 754 observata
1350 727 1393 754 cel
1412 728 1540 763 (sittalibet
1564 730 1647 755 mollo
1665 732 1837 759 renes-intus
1853 737 1957 761 ernztru
1976 734 2136 769 prendssa,

1173 778 1340 814 predictam
1362 781 1523 814 pecuniam
1551 782 1672 809 nomine
1691 792 1763 818 pene
1785 784 1908 819 duplam
1937 786 1992 821 ipsi
2015 785 2141 813 domino

1174 838 1249 867 pape
1270 835 1294 858 et
1314 831 1443 858 Romane
1462 833 1579 860 ecclesie
1599 835 1743 869 promitto
1768 844 1812 863 me
1833 837 1946 873 inteqre
1965 838 2142 866 soluturum

1175 887 1200 910 ct
1216 891 1292 919 pena
1306 884 1405 911 soluta
1426 885 1519 921 lzfnjns
1540 886 1724 914 venditionis
1745 893 1769 915 et
1791 889 1988 917 alienationis
2003 895 2143 918 contrac-

1177 939 1225 962 tus
1253 935 1282 963 in
1311 943 1366 963 sua
1397 936 1619 965 ¹nichilominus
1642 945 1820 974 permaneat
1843 940 2000 976 firmitate.
2033 943 2142 970 Actum

1175 988 1314 1023 Atntynie
1335 989 1523 1024 presentibus
1549 990 1670 1017 testibus
1693 991 1732 1018 ad
1757 992 1809 1019 hoc
1833 994 2004 1029 specialiter
2030 995 2144 1031 royatis

1176 1044 1265 1077 atque
1284 1042 1409 1075 vocatis,
1429 1042 1539 1069 seilicet
1557 1053 1565 1070 .·

1217 1093 1340 1121 domino
1356 1094 1506 1130 Stephano
1523 1095 1641 1122 domini
1654 1105 1729 1132 pape
1747 1098 1910 1133 capellano,
1934 1103 2021 1134 teste;

1216 1146 1396 1174 Montanino
1415 1155 1568 1183 campsore
1584 1147 1703 1176 domini
1720 1158 1804 1185 pape,
1824 1155 1910 1181 teste:

1217 1199 1363 1235 mayistro
1381 1199 1509 1234 Rossrido
1527 1200 1660 1235 liuberti,
1684 1205 1769 1235 tesle;

1219 1252 1365 1289 magistro
1380 1253 1487 1281 Amato
1506 1254 1626 1282 domini
1639 1263 1714 1291 pape
1727 1256 1895 1290 familiari.
1915 1261 2002 1292 teste,-

1216 1305 1318 1333 Lando
1332 1305 1366 1333 (Ze
1381 1306 1480 1341 Atina,
1501 1311 1586 1341 teste,·

1217 1358 1413 1395 Capudniyro
1429 1359 1462 1387 de
1478 1360 1574 1395 Senis,
1597 1364 1675 1388 teste.

1216 1412 1252 1439 Et
1267 1421 1316 1448 esso
1331 1413 1494 1441 Riccardus
1510 1414 1682 1450 imperialis
1697 1415 1766 1442 aule
1782 1415 1970 1444 scriniarius
1985 1416 2064 1444 hanc
2080 1424 2149 1445 car-

1179 1468 1239 1492 tanz
1267 1464 1427 1500 utriusque
1446 1465 1547 1501 partis
1569 1473 1714 1494 consensu
1739 1466 1849 1503 scripsi
1874 1472 1900 1495 ct
1924 1469 2070 1505 complevi
2096 1477 2146 1498 ro-

1177 1521 1277 1552 yatus.

1138 1672 1297 1704 CCXXV.
1318 1691 1357 1695 -—
1376 1674 1528 1704 CARTULA
1543 1684 1747 1706 vnxmwoms
1763 1676 1873 1706 Tmen
1895 1687 2014 1708 cnssmcx
2035 1687 2147 1709 sAsc‘rx

1179 1727 1311 1756 Asnam
1333 1736 1371 1756 ni:
1391 1727 1550 1764 ΡΑωΑΝο,
1573 1737 1632 1759 pno
1653 1737 1688 1758 sc
1710 1738 1748 1758 ET
1768 1739 1890 1760 enum-2
1912 1739 1969 1761 suo
1992 1740 2089 1762 mem
2108 1742 2148 1762 na

1180 1787 1270 1809 Boius
1289 1780 1388 1809 sms'.

1219 1886 1256 1914 In
1274 1886 1396 1914 nomine
1411 1887 1548 1920 Domini,
1567 1895 1667 1915 amen.
1685 1888 1773 1916 Anno
1788 1888 2017 1918 incarnationis
2034 1891 2150 1920 Christi

1180 1939 1344 1967 millesimo
1361 1939 1556 1974 CC0X.x'.xttt0‚
1570 1940 1769 1976 pontificatus
1785 1941 1904 1970 domini
1924 1942 2150 1981 Gressoriipape

1180 1992 1256 2020 noni
1274 2001 1355 2020 anno
1375 1993 1432 2026 ΠΟ,
1451 2001 1551 2021 mense
1567 1993 1699 2028 marcio,
1717 1994 1766 2022 (lie
1786 1995 1844 2029 VII,
1868 1995 2032 2025 indictione
2050 2002 2146 2026 seoeta.

1180 2044 1240 2081 Eyo
1265 2045 1388 2073 Tinctus
1411 2045 1540 2073 clericus
1561 2046 1661 2074 sancti
1682 2046 1799 2075 Andree
1820 2047 1854 2075 de
1875 2048 2004 2077 Paliano
2026 2049 2083 2078 hac
2101 2050 2150 2078 die

1177 2099 1323 2135 presenti,
1339 2100 1468 2136 propria
1483 2104 1509 2127 et
1528 2104 1694 2136 spontanea
1716 2101 1886 2136 voluntate,
1913 2102 2006 2131 vendo
2025 2108 2052 2131 et
2069 2104 2150 2132 irre-

1181 2151 1359 2179 vocabiliter
1375 2151 1461 2180 trado
1477 2152 1532 2180 tibi
1549 2153 1694 2188 manistro
1710 2153 1809 2181 Boetio
1824 2154 1930 2182 clerico
1945 2155 2151 2194 (lominipape

1180 2204 1220 2232 acl
1236 2213 1309 2242 opus
1327 2210 1352 2233 et
1367 2213 1475 2233 nomen
1492 2206 1588 2242 ipsius
1604 2206 1724 2234 domini
1735 2215 1811 2243 pape
1828 2215 2015 2244 suorumque
2033 2218 2149 2238 succes-

1181 2266 1283 2285 sorum
1302 2262 1327 2286 et
1342 2258 1473 2286 Romane
1489 2259 1606 2287 ecclesie
1622 2259 1782 2295 recipienti
1807 2260 1836 2287 in
1854 2265 2044 2297 perpetuum,
2063 2262 2149 2290 vide-

1181 2310 1249 2338 licet
1278 2315 1368 2338 totam
1393 2315 1418 2338 ct
1448 2312 1599 2348 integram
1622 2316 1739 2348 partem
1772 2320 1866 2340 meam
1897 2321 1977 2341 rocce
2003 2318 2029 2342 et
2053 2316 2149 2343 castri

1181 2363 1307 2391 Paliani
1323 2367 1349 2391 et
1369 2372 1447 2392 rocce
1462 2372 1497 2391 ac
1515 2365 1610 2392 castri
1622 2364 1773 2399 sompnis,
1793 2373 1859 2392 cum
1878 2365 2015 2394 domibus
2030 2375 2080 2395 seu
2096 2377 2149 2396 ca-

1179 2415 1291 2443 salinis
1317 2416 1402 2451 insra
1429 2416 1545 2444 easdem
1570 2416 1794 2445 roccas.michi
1819 2419 2052 2454 competentibus
2079 2429 2149 2448 cum

1182 2468 1397 2496 Transmundo
1419 2469 1515 2504 fratre
1543 2477 1606 2497 meo
1629 2478 1684 2506 pro
1711 2469 1809 2498 diviso
1837 2471 1883 2498 vel
1907 2471 2052 2506 indiviso,
2076 2481 2148 2501 cum

1180 2521 1359 2557 omnijure,
1372 2521 1593 2558 jurisdictione
1608 2526 1634 2549 et
1652 2522 1777 2557 actione,
1791 2522 1928 2551 dominio
1944 2528 1968 2551 et
1986 2524 2108 2560 honore,
2122 2530 2149 2553 et

1182 2577 1242 2600 tam
1258 2573 1292 2601 in
1308 2573 1450 2601 vassallis
1463 2581 1556 2609 quam
1569 2573 1602 2601 ¹in
1617 2574 1717 2607 terris,
1733 2574 1842 2608 vineis,
1857 2575 1968 2611 pratis,
1982 2577 2146 2612 montibus,

1179 2626 1314 2660 collibus,
1336 2626 1488 2662 planitiis,
1515 2626 1613 2659 silvis,
1631 2627 1765 2663 pascuis,
1790 2628 1880 2663 aquis
1899 2632 1924 2656 et
1944 2631 2147 2658 comunitati-

1181 2678 1234 2706 bus
1256 2678 1420 2713 *universis
1442 2679 1520 2706 sicut
1534 2678 1630 2706 michi
1652 2683 1678 2706 et
1698 2679 1856 2707 heredibus
1879 2680 1954 2708 meis
1973 2687 2147 2718 competunt

1177 2854 1202 2880 1.
1220 2855 1234 2880 7
1250 2862 1327 2880 mars
1346 2854 1421 2881 1233.
1445 2869 1478 2873 --
1500 2853 1636 2887 Tinctus,
1658 2854 1734 2880 clerc
1755 2854 1790 2880 de
1813 2854 2012 2883 saint-Andre
2032 2858 2067 2884 de
2092 2859 2146 2886 Pa-

90 2887 232 2915 omnibus
251 2888 337 2915 omni
350 2888 438 2924 juris
457 2888 578 2916 auritio
599 2888 742 2916 canonici
757 2893 783 2916 et
799 2889 913 2924 civilis,
933 2897 1058 2917 eonsue-

91 2939 195 2968 tudini
219 2944 244 2968 et
266 2945 387 2976 statuto,
410 2945 436 2968 ct
458 2941 542 2969 omni
567 2941 735 2978 earceptioni
758 2945 784 2969 et
803 2941 920 2978 reique
940 2946 1059 2978 possent

91 2993 167 3022 obici
187 2998 293 3022 contra
309 2994 361 3022 hoc
377 2994 618 3023 instrumentum
640 2995 686 3023 vel
703 2995 828 3030 factum.
850 2995 935 3023 Hanc
956 2999 1057 3023 autem

1139 2902 1231 2932 liano.
1249 2901 1322 2928 vend
1345 2910 1381 2927 au
1403 2910 1475 2936 pape
1498 2901 1638 2936 Gregoire
1658 2901 1718 2933 lx,
1743 2905 1910 2937 represent&
1930 2913 1980 2939 par
1998 2914 2051 2933 son
2069 2907 2147 2934 clero

1141 2949 1246 2983 Bo’ece,
1261 2958 1310 2976 ses
1325 2949 1417 2976 droits
1432 2957 1482 2976 sur
1498 2949 1615 2976 Paliano
1631 2954 1660 2976 et
1674 2950 1810 2983 Seri-one,
1826 2959 1899 2985 pour
1914 2960 1970 2979 une
1985 2961 2097 2981 somme
2111 2954 2147 2982 de

1141 2998 1173 3025 84
1190 2999 1288 3032 livi-es,
1306 3000 1322 3025 a
1337 2998 1377 3024 lui
1393 3000 1492 3024 vei-sese
1508 3007 1559 3033 par
1575 2999 1599 3025 le
1615 2999 1754 3025 camai-ier
1768 2998 1883 3026 Benoit.
