2392 3571
141 322 197 351 533
686 317 735 345 LE
762 317 905 346 LIBER
927 315 1160 346 CENSUUM
1186 315 1239 344 DE
1263 306 1451 344 L’EGLISE
1475 314 1685 344 ROMAINE.

182 385 430 419 ,inscsssiizvtltlz
454 384 619 412 indictione
640 384 704 417 l'II,
725 388 853 420 tempore
868 383 987 411 domini
1006 383 1143 419 Gregorii

180 449 252 477 pape
273 438 355 466 l'IIII
367 437 530 466 exsistentis.
548 436 595 464 die
612 441 720 472 attarlo
741 437 875 464 intrante
893 437 1003 464 mensis
1019 436 1141 472 aprilis.

180 495 236 522 Nos
251 491 370 529 quidem
386 490 563 524 Osrcducius
579 494 603 517 et
617 489 741 525 Synzon,
760 489 910 525 quondam
934 489 1051 517 domini
1068 489 1143 517 Bar-

181 546 319 575 tholomei
336 544 368 572 de
385 542 537 575 Jliranda,
556 546 581 569 et
598 542 721 577 Symon,
742 542 908 576 Ost-edonus
926 546 952 570 et
974 541 1144 570 Rainaldus

181 598 320 627 clericus.
350 596 408 631 filii
439 594 590 630 ‘sitandam
624 593 742 621 domini
772 594 906 628 Rnbcrti,
941 593 1141 629 presentibus,

181 648 433 679 consentientilnts
458 651 482 674 et
503 646 726 682 acceptantibus
747 646 870 673 domino
898 645 1098 680 Bonocomitc,
1120 649 1145 673 et

180 703 301 731 domino
326 700 539 732 Rartltolomeo,
568 698 644 734 filiis
666 698 796 734 predicti
820 698 938 726 domini
967 697 1141 733 Offreducii,

180 761 204 783 et
232 755 359 791 Symone
387 752 451 788 filio
479 751 551 779 dicti
582 750 700 779 domini
725 750 876 787 Summis,
909 750 1051 778 omnibus
1079 750 1144 778 suis

173 808 298 845 jttribus
333 810 358 833 ct
393 804 563 833 actionibus
601 803 871 837 renuntiantibus,
908 804 982 839 jure
1019 803 1144 839 proprio

180 869 240 889 una
260 868 325 887 cum
348 858 420 895 ipsis
436 857 511 893 siliis
529 857 639 884 nostris
662 856 838 889 vendimus,
859 856 1011 884 tradimus
1032 860 1057 884 et
1073 864 1145 884 con-

178 913 325 942 cedimus,
354 910 477 942 dumus,
505 909 638 937 cedimus
659 913 684 937 et
708 908 893 937 ¹mandamus
919 909 1000 936 vobis
1022 908 1145 936 domino

178 965 316 994 Alatrino
335 963 452 991 domini
467 971 542 998 pape
560 961 741 990 sulnliacono
757 966 782 989 et
798 961 968 997 capellano,
989 969 1070 989 nunc
1087 960 1145 988 du-

178 1024 262 1047 catus
277 1016 432 1054 Spoletani
445 1015 564 1047 rectori,
584 1014 741 1051 recipienti
753 1014 875 1042 nomine
891 1020 915 1041 et
936 1014 999 1042 vice
1015 1014 1146 1042 Romane

177 1070 304 1103 ecclesie,
323 1067 440 1096 domini
455 1075 530 1103 pape
548 1066 685 1102 Gregorii
704 1070 729 1093 et
752 1074 957 1094 successorum
979 1066 1057 1101 ejus,
1080 1074 1146 1093 cas-

179 1129 259 1152 trum
287 1120 424 1151 ,llirande
447 1129 513 1149 cum
538 1120 680 1148 omnibus
699 1120 763 1147 suis
775 1119 987 1156 pertinentiis,
1008 1119 1147 1147 videlicet

178 1176 315 1211 ltedificio
327 1175 428 1209 castri,
446 1178 540 1202 turre.
553 1173 669 1209 yirone,
684 1172 832 1206 domibus,
844 1172 1030 1204 hominibus,
1043 1173 1143 1206 terris,

181 1230 288 1259 cineis,
315 1228 414 1261 siluis,
439 1226 608 1259 arboribus,
637 1225 772 1261 pascuis,
801 1225 979 1261 aquimolis,
1007 1225 1147 1261 piscatio-

180 1283 275 1315 nibus,
291 1280 400 1318 pratis,
416 1279 506 1308 cultis
520 1283 544 1306 et
561 1278 698 1311 incultis,
714 1277 866 1314 passayiis
883 1282 908 1305 et
921 1278 993 1306 aliis
1007 1278 1148 1306 omnibus

177 1336 241 1364 suis
257 1333 466 1372 pertiuentiis,
480 1333 608 1369 jztribus
628 1336 653 1360 et
672 1331 874 1364 utilitatibus,
894 1331 978 1359 nobis
994 1332 1148 1360 occasione

177 1389 250 1417 dicti
266 1388 360 1416 castri
374 1385 597 1423 pertinentibus
609 1396 619 1419 ,·
634 1385 669 1412 ab
686 1392 746 1412 uno
763 1384 854 1412 latere
871 1388 911 1412 est
927 1392 1013 1412 ¹rocca
1028 1384 1142 1419 Carlei,

176 1443 211 1470 ab
233 1442 294 1469 alio
315 1449 398 1467 rocca
420 1439 451 1466 de
476 1439 576 1474 Ptzayo
597 1446 666 1466 cum
680 1437 878 1474 pertinentiis
893 1437 968 1465 suis.
986 1437 1021 1465 Et
1037 1437 1148 1465 damus

179 1495 258 1523 vobis
275 1493 427 1521 licentiam
452 1496 476 1519 et
496 1495 666 1528 potestatem
690 1495 789 1518 vestra
805 1490 989 1518 auctoritate
1005 1489 1142 1524 habendi,

179 1546 313 1579 tenendi,
329 1544 516 1582 possidendi,
535 1543 674 1578 fruendi,
697 1547 722 1570 et
739 1542 888 1579 quicquid
909 1542 987 1570 vobis
1003 1542 1036 1570 de
1055 1547 1147 1571 cetero

178 1609 231 1637 pro
250 1599 367 1627 ccclesia
390 1599 522 1626 Romana
545 1597 698 1634 placuerit
717 1595 866 1631 faciendi,
891 1600 1046 1631 tamquam
1066 1595 1099 1623 de
1115 1603 1147 1624 re

174 1653 315 1689 propria,
340 1652 404 1679 sine
420 1651 554 1686 alicujus
575 1650 620 1678 rel
641 1650 818 1685 aliquorum
839 1648 1088 1676 contradictione.
1112 1649 1147 1677 Et

138 1817 235 1850 Μαι-18,
254 1817 267 1842 4
284 1816 352 1842 avril
373 1815 449 1842 1234.
466 1830 496 1833 —
511 1813 675 1840 Offieducio
689 1818 716 1839 et
728 1813 838 1845 Simon,
851 1812 895 1838 fils
912 1812 945 1838 de
963 1811 1146 1847 Burthelemy

137 1866 171 1892 de
186 1865 320 1900 Mirandq,
335 1864 446 1895 Simon,
460 1863 624 1889 Ofredonus
641 1867 668 1888 ct
685 1863 709 1888 le
723 1862 800 1888 clerc
818 1861 958 1896 Raynald,
976 1861 1020 1887 fils
1037 1861 1071 1887 de
1088 1861 1146 1887 Ro-

138 1915 215 1943 bert,
239 1915 279 1939 les
296 1913 368 1938 deux
388 1913 526 1947 premiers
541 1920 611 1937 avec
628 1912 705 1937 leurs
723 1911 781 1943 fils,
805 1909 1005 1936 Bonuscomos
1025 1913 1053 1936 ot
1078 1909 1146 1936 Bar-

139 1963 272 1997 thelcmy,
294 1962 337 1987 fils
358 1961 567 1991 d'Offreducio,
585 1964 612 1986 et
629 1959 744 1991 Simon,
768 1959 811 1985 fils
832 1959 866 1984 de
889 1958 1002 1989 Simon,
1022 1958 1148 1985 vendent

139 2012 163 2037 le
179 2012 297 2036 chaman
319 2010 352 2035 ile
378 2009 506 2035 &lii-anda
527 2017 561 2034 au
585 2016 656 2043 pape
673 2007 813 2040 Gregoire
831 2006 891 2037 IX,
915 2009 1082 2041 represents}
1099 2015 1147 2041 par

139 2060 162 2085 le
189 2064 300 2085 rectem·
325 2058 362 2084 du
388 2058 481 2083 duche
507 2057 541 2082 de
567 2056 700 2090 spoleto,
728 2056 873 2085 Aluti-ino,
903 2063 973 2081 sous
998 2055 1094 2081 diacre
1120 2058 1148 2081 et

137 2107 297 2141 chapelain,
327 2114 397 2140 pour
423 2114 477 2131 une
498 2113 609 2131 somme
633 2104 668 2130 de
691 2104 772 2136 8,000
796 2105 893 2130 livres.
920 2119 952 2122 —
976 2104 1005 2130 20
1027 2103 1105 2130 Dans
1122 2104 1147 2129 la

139 2156 247 2181 maison
277 2154 311 2179 dc
342 2154 469 2188 Raynald
499 2152 638 2179 Gimundi
666 2152 700 2177 de
729 2152 834 2184 Narni,
865 2153 890 2178 le
916 2153 985 2186 joui·
1015 2152 1146 2185 suivant,

138 2205 152 2230 5
175 2204 257 2235 avril,
280 2206 379 2237 quatre
396 2203 516 2228 femmes
538 2202 572 2227 dc
594 2202 618 2227 la
641 2202 732 2226 meme
754 2201 874 2231 famille,
894 2200 1000 2231 Maria,
1020 2200 1146 2232 Prasna,

142 2253 245 2278 Mathia
269 2255 297 2278 et
324 2251 479 2284 Fabi-essa,
505 2253 663 2276 renoncent
686 2251 701 2275 εἰ
724 2250 801 2275 leurs
827 2249 918 2275 droits
943 2257 995 2275 sui*
1020 2249 1147 2275 Miranda

139 2306 219 2327 enti-e
244 2301 284 2326 les
310 2300 402 2326 mains
426 2299 460 2325 de
484 2299 593 2325 Goravd
617 2299 651 2324 de
674 2298 812 2331 Fet-rare,
835 2297 905 2333 juge
931 2298 968 2324 du
994 2298 1088 2324 duehe
1113 2298 1148 2324 de

139 2350 254 2384 Spolete
277 2357 347 2383 pour
370 2349 393 2374 le
417 2352 530 2374 rectem·
553 2348 696 2374 Aluti-ino.
722 2361 758 2367 —
784 2348 812 2375 3ο
836 2347 874 2373 Le
896 2347 911 2374 8
934 2347 1021 2379 avril,
1047 2350 1147 2381 quatre

139 2403 235 2425 autres
250 2398 385 2429 semines,
407 2397 530 2431 Sophia,
553 2396 656 2428 Mai-ie,
679 2395 840 2429 Diamante,
864 2395 1008 2428 Aldruda,
1030 2404 1064 2422 en
1086 2396 1148 2422 font

139 2450 237 2474 autaut
252 2450 331 2472 enti-e
348 2446 389 2472 los
405 2446 497 2472 mains
510 2445 547 2471 du
562 2445 654 2471 meme
669 2452 860 2479 personnage.
877 2460 909 2463 —
926 2443 1007 2471 Cette
1020 2452 1148 2471 conven-

140 2496 197 2522 tion
221 2498 265 2521 est
288 2494 470 2520 mentionnee
493 2493 565 2520 dans
588 2494 613 2519 la
636 2493 680 2519 vie
704 2493 738 2519 de
763 2493 903 2527 Gregoioe
924 2492 968 2519 IX
986 2492 1145 2527 (Muratori‚

140 2544 200 2575 SS.‚
217 2548 236 2569 t.
255 2542 316 2574 111¹,
337 2552 363 2577 1).
382 2542 442 2576 378>
461 2553 466 2568 ε
486 2553 497 2565 ιι
513 2542 594 2568 'runc
617 2541 702 2568 castri
729 2541 876 2567 Mirandae
902 2541 1048 2572 dominos,
1074 2549 1147 2575 quos

141 2594 332 2619 hereticorum
356 2592 493 2624 fautores,
517 2591 623 2625 publici
646 2591 799 2617 violatores
824 2591 936 2617 itineris
961 2594 988 2617 et.
1014 2590 1147 2616 falsarios

142 2642 250 2676 papalis
271 2641 345 2666 bulle
362 2648 395 2666 ac
416 2640 536 2666 fraudati
555 2639 738 2665 numismatis
755 2647 945 2674 percussores
966 2638 1079 2673 publica
1095 2638 1147 2664 de-

142 2689 249 2715 sei-ebat
266 2688 395 2716 infamia.
414 2688 556 2714 mandatis
571 2689 635 2721 ejus
651 2695 751 2722 pai-ere
772 2687 902 2713 nolentes
917 2686 1049 2713 custodie
1066 2695 1147 2713 man-

143 2737 262 2771 cipavit,
285 2737 473 2762 munitionem
499 2737 591 2769 ipsam
609 2737 668 2769 jain
695 2739 825 2770 potenter
848 2736 998 2762 obsessam
1024 2735 1147 2762 ecclesie

146 2785 272 2810 Romane
295 2785 403 2810 faciens
425 2784 579 2817 assignari.
604 2784 716 2815 Quibus
741 2784 924 2817 postmodum
947 2787 1065 2817 patei-na
1085 2783 1147 2818 pie-

145 2837 201 2858 tate
219 2840 388 2866 compassus
410 2840 458 2857 sex
482 2833 558 2858 milia
580 2832 714 2857 librarum
734 2832 902 2857 domnacum
920 2836 948 2857 ct
964 2832 1146 2866 parvulorum

145 2881 336 2909 subventioni,
355 2889 402 2913 qui
419 2880 495 2906 sieut.
508 2889 523 2905 a
536 2881 620 2914 culpa
635 2881 677 2906 sic
693 2889 708 2905 a
726 2888 796 2914 pena
809 2880 979 2906 videbantur
994 2881 1147 2909 immunes,

145 2935 177 2954 ac
194 2936 242 2961 pro
259 2928 349 2961 ipsius
366 2928 534 2953 munitionis
548 2928 706 2953 voluntaria
721 2928 898 2954 exhibitione
914 2928 1069 2958 concessit,
1088 2927 1149 2953 sin-

145 2976 228 3009 gulos
247 2975 431 3001 nihilominus
448 2975 594 3001 beneficiis
611 2975 808 3010 singularibus
826 2980 1008 3010 prosecutus.
1029 2987 1040 2999 »ν

1266 381 1386 410 domm.
1404 381 1538 409 cedimus
1555 386 1581 409 et
1595 381 1781 410 mandamus
1796 383 1876 411 vobis
1890 383 2013 411 domino
2029 384 2170 412 Alatrino
2188 392 2237 412 re-

1265 434 1391 470 cipienti
1409 434 1531 462 nomine
1549 438 1574 462 et
1597 435 1660 462 vice
1679 435 1808 463 Romane
1829 436 1946 464 ecclesie
1962 436 2065 464 omnia
2077 437 2155 473 J'ura
2171 445 2238 465 om-

1265 495 1375 522 nesaue
1398 487 1531 514 actiones
1555 487 1646 515 utiles
1671 492 1696 515 et
1718 487 1859 523 directas,
1887 489 1980 516 reales
2002 494 2027 517 et
2051 489 2235 525 personales.

1269 540 1376 567 tacitas
1392 543 1417 567 et
1433 547 1598 576 expressas,
1613 548 1668 576 que
1684 544 1710 568 et
1726 549 1802 576 quas
1817 541 1920 569 liabent
1928 549 1960 569 us
1975 541 2018 569 vel
2034 541 2140 570 habere
2153 541 2237 570 vide-

1266 599 1338 619 mur
1356 592 1385 619 in
1405 591 1483 620 dicto
1499 596 1596 620 castro
1613 596 1638 620 et
1654 592 1830 621 bominibus
1848 598 1873 621 et
1890 594 2107 630 pertinentiis,
2124 594 2238 622 coristi-

1269 649 1382 673 tuentes
1396 654 1450 682 per
1462 654 1512 674 vos
1527 646 1623 682 ipsam
1642 646 1808 675 Romanam
1827 647 1982 675 ecclesiam
1995 647 2237 684 procuratricem

1269 702 1424 734 tamquam
1448 699 1476 726 in
1497 707 1558 726 rem
1577 707 1677 727 suam.
1697 699 1768 727 Item
1787 700 1972 736 quictamus,
1989 701 2172 735 refutamus,
2189 708 2238 729 re-

1265 751 1420 779 mittimus
1432 755 1458 779 et
1471 755 1594 788 pactum
1612 752 1743 787 facimus
1757 752 1790 780 de
1806 761 1862 781 non
1878 753 2003 789 petendo
2019 753 2100 781 vobis
2115 753 2238 782 domino

1266 804 1408 832 Alatrino
1429 805 1585 841 recipienti
1602 805 1725 833 nomine
1739 805 1815 833 dicte
1829 805 1946 834 ecclesie
1959 806 2099 841 Romane,
2119 814 2239 834 omnem

1268 857 1435 893 injuriam,
1452 866 1569 886 omnem
1590 858 1777 893 violentiam,
1794 867 1972 895 omnemque
1986 860 2133 887 actionem
2152 859 2239 896 injic-

1267 910 1389 938 riarum
1405 910 1488 938 nobis
1501 911 1620 939 illatam
1635 919 1688 947 per
1701 912 1825 939 nuntios
1839 911 1966 940 Ecclesie
1983 912 2018 940 ‘in
2035 912 2113 940 dicto
2129 916 2237 947 castro,

1268 962 1314 991 vel
1338 963 1490 991 occasione
1517 963 1590 991 dicti
1623 964 1717 992 castrt
1744 964 1894 992 Mirande.
1926 965 2000 993 Item
2027 965 2240 1002 promittimus

1271 1016 1352 1044 vobis
1378 1015 1502 1044 domino
1529 1016 1672 1044 Alatrino
1698 1017 1864 1054 stipulanti
1892 1018 2014 1045 nomine
2040 1018 2171 1046 Romane
2196 1026 2241 1046 ec-

1269 1068 1354 1096 clesie
1374 1068 1453 1104 quod
1470 1069 1552 1097 nulli
1572 1069 1711 1097 dedimus
1731 1078 1781 1098 nec
1804 1070 1908 1106 aliquo
1934 1070 2018 1098 modo
2040 1071 2240 1099 concessimus

1269 1122 1369 1159 ipsum
1398 1126 1534 1150 castrum
1556 1123 1601 1150 vel
1625 1122 1820 1158 aliqucdjus
1843 1123 1942 1160 ipsius
1965 1124 2009 1152 vel
2034 1125 2184 1152 actionem
2206 1123 2241 1152 cle

1270 1175 1348 1204 dicto
1375 1180 1473 1204 castro
1496 1176 1540 1204 vel
1567 1177 1631 1213 ejus
1651 1177 1851 1212 pertinentiis
1878 1185 1931 1214 per
1953 1185 2006 1206 nos
2030 1178 2073 1206 vet
2096 1186 2150 1213 per
2170 1177 2240 1206 sub-

1270 1228 1394 1256 missam
1419 1236 1590 1265 personam.
1616 1228 1651 1256 Et
1674 1229 1701 1257 si
1723 1229 1828 1265 aliquo
1853 1234 1983 1266 tempore
2007 1230 2155 1258 concessio
2180 1229 2240 1258 ali-

1270 1289 1331 1317 qua.
1350 1281 1531 1318 apparuerit
1551 1289 1568 1309 a
1592 1281 1676 1310 uobis
1698 1282 1743 1310 vel
1760 1282 1795 1310 ab
1818 1282 1923 1318 aliquo
1947 1286 2085 1310 nostrum
2110 1282 2144 1310 de
2161 1282 2241 1311 dicto

1270 1339 1367 1362 castro
1391 1334 1436 1362 vel
1453 1335 1518 1370 esus
1536 1334 1733 1371 pertinentiis
1750 1335 1830 1370 facta
1854 1334 1960 1371 aliqua
1984 1335 2151 1368 occasione,
2169 1343 2243 1372 pro-

1271 1387 1426 1416 mittimus
1439 1396 1493 1424 per
1515 1395 1566 1415 nos
1583 1392 1757 1423 nostrosque
1773 1387 1894 1415 heredes
1914 1392 1939 1415 et
1957 1395 2136 1415 successores
2151 1387 2242 1416 eccle-

1270 1441 1347 1469 siam
1362 1441 1527 1468 Romanam
1542 1448 1719 1468 conservare
1730 1448 1846 1476 semper
1859 1440 2029 1468 indemnem
2046 1441 2076 1468 in
2089 1440 2240 1474 omnibus,

1272 1493 1383 1521 nostris
1400 1493 1546 1529 expensis.
1565 1492 1623 1520 Pro
1639 1501 1698 1528 qua
1719 1492 1900 1527 venditione,
1921 1493 2115 1527 refutatione,
2133 1492 2243 1520 remis-

1269 1546 1367 1580 sione,
1395 1545 1515 1573 datione
1537 1549 1562 1573 et
1579 1545 1716 1579 cessione,
1737 1545 1918 1581 confitemur
1938 1553 1992 1574 'nos
2010 1546 2131 1573 nomine
2148 1545 2244 1582 pretii

1269 1599 1410 1636 recepisse
1432 1607 1449 1626 a
1468 1598 1566 1632 vobis,
1584 1597 1705 1626 dontinc
1722 1598 1879 1632 Alatrine,
1897 1598 2027 1626 solvente
2042 1606 2096 1634 pro
2114 1599 2179 1635 ipsa
2197 1607 2243 1627 ec-

1270 1652 1358 1680 clesia
1377 1651 1528 1685 Romana,
1546 1659 1597 1679 seco
1615 1650 1706 1678 milia
1723 1650 1872 1678 librarum
1892 1651 2062 1679 lucensium
2083 1651 2239 1686 bonorum,

1269 1710 1295 1734 et
1315 1705 1398 1742 apud
1418 1713 1472 1733 nos
1494 1705 1609 1740 inte9re
1631 1703 1737 1732 habere
1763 1713 1772 1731 .·
1797 1704 1980 1741 computatis
2007 1704 2039 1731 in
2064 1704 2126 1741 ipso
2144 1704 2244 1741 pretio

1269 1758 1383 1786 duobus
1410 1757 1537 1785 milibus
1563 1757 1714 1785 librarum
1745 1756 1914 1785 lucensium
1945 1765 2020 1793 quas
2047 1757 2132 1785 nobis
2153 1757 2244 1786 solvit

1269 1816 1295 1839 et
1310 1811 1387 1839 solui
1406 1811 1475 1846 fecit
1492 1810 1635 1838 dominus
1649 1818 1738 1846 papa.
1762 1810 1979 1838 Renuntiantes
1997 1810 2165 1847 exceptioni
2182 1818 2244 1839 non

1270 1873 1287 1892 n
1296 1864 1428 1892 umerati
1447 1868 1472 1891 et
1494 1863 1586 1891 soluti
1603 1863 1697 1899 pretii
1716 1863 1860 1898 omnique
1877 1863 1935 1890 alii
1951 1862 2048 1899 leyum
2068 1867 2093 1891 et
2111 1863 2244 1892 decreto-

1270 1926 1339 1946 rum
1357 1917 1493 1950 au.1·ilio‚
1513 1917 1595 1945 nobis
1614 1916 1643 1944 in
1661 1916 1714 1944 hoc
1731 1916 1810 1950 sacto
1829 1916 1997 1951 coherenti,
2018 1917 2196 1953 competenti
2218 1920 2244 1944 et

1270 1971 1479 2007 competitura.
1499 1969 1532 1997 Et
1552 1969 1579 1997 si
1597 1977 1641 1996 res
1665 1968 1780 1996 uendite
1794 1969 1866 2005 plus
1886 1968 1964 1996 dicto
1980 1969 2078 2005 pretio
2094 1969 2242 2003 calerent,

1272 2028 1364 2051 totum
1380 2023 1451 2059 plus
1468 2022 1548 2050 vobis
1564 2021 1687 2049 domino
1703 2021 1845 2049 Atatrino
1865 2020 2023 2057 recipienti
2038 2029 2094 2058 pto
2109 2021 2245 2050 Romana

1270 2076 1393 2104 ecclesia
1405 2075 1556 2103 donamus
1570 2079 1595 2103 et
1609 2074 1800 2103 concedimus
1814 2082 1901 2111 pure,
1919 2074 2008 2102 libere
2021 2078 2046 2102 et
2061 2074 2246 2111 simpliciter

1271 2129 1353 2157 inter
1369 2129 1463 2157 vivos.
1483 2128 1516 2156 Et
1533 2132 1655 2164 pactum
1679 2127 1760 2156 vobis
1777 2127 1911 2162 facimus
1927 2126 1961 2155 de
1979 2135 2037 2155 non
2056 2127 2199 2163 petendo,
2218 2131 2244 2155 et

1271 2181 1440 2218 spetialiter
1456 2180 1673 2209 renuntiamus
1691 2180 1739 2208 illi
1755 2180 1824 2216 leyi,
1842 2179 1908 2207 Rem
1924 2179 2053 2216 ntaJ'oris
2063 2179 2171 2216 pretii,
2188 2187 2244 2216 que

1272 2234 1448 2262 introducta
1465 2238 1506 2261 est
1521 2241 1576 2270 pro
1592 2233 1657 2261 iltis
1682 2233 1736 2268 qui
1752 2232 1952 2269 decipiuntur
1973 2232 2056 2260 ultra
2077 2231 2244 2260 dimidiam

1265 2288 1348 2324 justi
1372 2287 1476 2324 pretii,
1503 2286 1659 2315 certiorati
1680 2294 1725 2314 res
1752 2286 1832 2322 ipsas
1857 2285 1926 2321 plus
1950 2284 2029 2313 dicto
2051 2285 2149 2322 pretio
2176 2285 2244 2314 ben-e

1272 2340 1383 2369 valere.

1314 2392 1395 2426 Quod
1412 2397 1548 2421 castrum
1564 2392 1702 2420 Mirande
1717 2400 1784 2419 cum
1800 2391 1940 2419 omnibus
1956 2391 2021 2418 suis
2034 2390 2242 2428 pertinentiis,

1265 2446 1393 2482 juribus
1421 2450 1446 2474 et
1472 2445 1675 2480 utilitatibuS,
1705 2444 1783 2472 sicut
1806 2443 1948 2480 superius
1972 2443 2164 2472 declaratum
2187 2447 2242 2478 est,

1267 2497 1483 2535 promittimus
1507 2505 1562 2534 per
1588 2505 1641 2524 nos
1666 2500 1840 2531 nostrosque
1866 2495 1985 2523 heredes
2015 2499 2040 2524 et
2065 2503 2245 2524 successores

1269 2551 1322 2579 sub
1339 2550 1520 2587 obligatione
1539 2553 1713 2577 nostrorum
1736 2548 1881 2576 bonorum
1902 2548 2090 2584 presentium
2110 2552 2136 2576 et
2155 2548 2245 2583 sutu-

1269 2611 1387 2638 rorum,
1408 2602 1489 2631 'vobis
1504 2602 1627 2630 domino
1645 2601 1785 2629 Alatrino
1805 2600 1972 2637 stipulanti
1995 2601 2117 2629 nomine
2135 2605 2161 2629 et
2181 2601 2244 2630 vice

1270 2656 1401 2685 Romane
1417 2655 1549 2689 ecclesie,
1572 2654 1704 2691 legitime
1726 2653 1894 2689 defendere,
1920 2653 2115 2682 auctorizare
2138 2658 2164 2682 et
2180 2653 2244 2682 dis-

1271 2709 1391 2746 briqare
1409 2708 1444 2737 ab
1461 2709 1546 2737 omni
1563 2715 1711 2744 persona,
1731 2707 1842 2735 nostris
1854 2706 2036 2743 piynoribus
2052 2710 2077 2734 et
2095 2707 2244 2743 expensis,

1271 2762 1436 2798 omniaque
1452 2761 1586 2798 dampna
1602 2764 1628 2788 et
1649 2767 1793 2796 eoepensas
1811 2758 1919 2786 eccincle
1935 2758 1970 2786 in
1989 2759 2079 2786 curia
2095 2759 2141 2787 vel
2158 2763 2245 2788 extra

1272 2815 1394 2852 curiam
1403 2814 1488 2842 modo
1497 2814 1602 2850 aliquo
1612 2813 1692 2841 vobis
1703 2812 1904 2848 competitura
1912 2819 1969 2848 pro
1979 2811 2099 2840 ecclesia
2108 2812 2245 2840 Romana

1272 2867 1425 2895 occasione
1443 2867 1517 2895 dicti
1534 2866 1629 2894 castri
1646 2865 1760 2901 iiiteqre
1777 2863 1894 2900 reficere
1912 2868 1938 2892 et
1954 2864 2104 2892 resarcire
2116 2865 2245 2900 promit-

1275 2920 1386 2956 timus,
1404 2919 1548 2948 credendo
1562 2923 1587 2947 et
1602 2917 1711 2946 stando
1726 2916 1760 2945 de
1776 2917 1913 2953 expensis
1929 2920 1954 2944 et
1972 2916 2116 2953 dampnis
2134 2917 2245 2945 nuntio

1273 2972 1390 3001 ecclesie
1413 2972 1544 3000 Romane
1565 2971 1616 2999 cui
1632 2969 1770 3007 predicta
1794 2973 1888 2997 essent
1910 2968 1946 2996 ab
1967 2969 2089 2997 ecclesia
2109 2969 2245 2998 Romana
