2392 3571
133 336 193 365 480
682 333 731 362 LE
756 333 899 362 LIBER
923 333 1158 363 CENSUUM
1182 333 1235 362 DE
1261 324 1446 364 L’EGLISE
1470 334 1681 364 ROMAINE.

207 401 269 433 Ego
287 400 472 425 Lamsrancus
491 398 654 433 papiensis,
674 399 831 433 imperialis
847 399 909 424 aule
931 399 1073 432 notarius,
1090 407 1142 424 su·

173 448 302 482 pradicta
325 448 419 473 omnia
444 447 498 471 vidi
522 450 550 472 et
575 447 630 480 legi
657 447 683 472 in
711 447 838 480 predicto
863 448 1008 481 exemplo,
1035 452 1062 473 et
1087 447 1141 473 hoc

171 497 335 530 exemplum
353 495 387 520 de
404 495 481 520 dicto
497 495 628 529 exemplo
645 499 793 529 sumptum
810 495 844 520 de
861 496 994 521 mandato
1012 496 1141 529 magistri

170 544 294 569 Tanardi
312 543 506 569 Bononiensis
522 543 644 569 ecclesie
655 543 977 577 at·cl1idiaconi‚judicis
994 548 1020 569 et
1036 552 1141 569 execu-

171 593 244 618 toris
261 592 418 618 litterarum
436 591 543 617 domini
561 600 643 625 pape,
661 592 775 625 scripsi.

130 743 254 771 CCXIX
270 752 293 769 m
309 750 326 770 ¹.

202 845 422 879 Trauscriptum
440 845 591 879 cujusdam
610 845 793 871 instrumenti
810 846 851 871 sic
868 846 1042 879 incipientis.

205 893 304 919 Sancti
328 893 454 927 Spiritus
469 893 544 919 adsit.
566 893 648 919 nobis
664 894 764 927 gratia.
785 894 870 920 Anno
884 903 898 920 a
914 895 1059 921 nativitate
1080 894 1138 920 Do-

169 941 240 967 mini
266 941 419 966 millesimo
440 941 640 967 ducentesimo
663 942 801 968 vicesimo
822 943 961 976 septime,
984 943 1139 969 indictione

166 989 395 1024 quintadecima,
416 989 541 1015 Ferrarie
558 990 584 1015 in
604 990 711 1024 palacio
726 991 890 1016 communis
908 990 1046 1022 Ferrarie,
1066 996 1139 1017 tem-

167 1038 289 1072 poribus
315 1037 448 1071 Gregorii
477 1046 547 1072 pape
573 1042 601 1063 et
629 1038 773 1065 Fredcri‹·i
800 1039 920 1064 secundi
944 1039 1137 1066 Romanorum

172 1086 368 1120 imperatoris,
383 1086 428 1112 die
444 1087 552 1118 martis,
571 1088 654 1112 tertio
672 1087 783 1113 decimo
802 1089 923 1113 intrante
940 1088 1048 1114 niensis
1062 1088 1137 1122 julii.

171 1135 315 1161 Dominus
340 1134 504 1169 Hugolinus
529 1136 564 1161 de
588 1135 711 1169 Hugone
735 1136 835 1162 i-tubeo
860 1142 986 1171 potestas
1011 1137 1138 1163 Ferrarie

171 1187 251 1213 tunc,
271 1184 416 1209 voluntate
437 1187 464 1209 et
479 1192 624 1210 consensu
641 1184 752 1210 consilii
774 1184 901 1210 Ferrarie
919 1194 1056 1219 campana
1073 1194 1139 1211 coa-

168 1232 269 1258 dunati
293 1240 342 1266 pro
365 1232 511 1258 communi
534 1232 674 1265 Fen-ario,
692 1238 719 1258 et
742 1233 795 1266 ipsi
813 1233 944 1258 homines
965 1233 999 1259 de
1018 1234 1138 1260 consilio

169 1280 374 1306 universaliter
396 1280 539 1311 fecerunt,
564 1281 777 1306 constituerunt
794 1287 821 1306 et
842 1282 1044 1307 ordinaverunt
1065 1281 1138 1307 Ben-

168 1337 237 1354 nuni
250 1328 379 1362 judicem
397 1328 433 1353 ibi
453 1334 613 1362 presentem
631 1333 659 1354 et
677 1329 880 1363 recipientem,
897 1338 980 1355 suum
1001 1331 1137 1356 nuncium

167 1380 197 1402 et
214 1380 439 1411 procuratorem,
457 1377 599 1402 sindicum
618 1382 645 1403 et
661 1381 798 1409 actorem,
814 1378 846 1403 ad
864 1378 1039 1403 redeundum
1058 1387 1139 1404 inan-

170 1424 245 1450 datis
266 1428 366 1450 sancte
393 1425 519 1450 l'tomane
544 1426 667 1451 ecclesie
688 1430 715 1451 et
743 1426 848 1451 summi
873 1427 1027 1459 pontilicis.
1053 1431 1080 1452 et
1103 1427 1136 1452 :td

164 1473 322 1507 jurandum
352 1478 485 1507 precepta
514 1474 621 1507 ipsius,
650 1478 677 1499 et
704 1474 736 1499 ad
764 1475 998 1500 satislaciendum
1028 1474 1086 1499 Deo
1112 1480 1139 1500 et

169 1521 300 1547 Romane
317 1522 438 1547 ecclesie
459 1526 486 1547 et
509 1522 562 1555 ipsi
585 1530 699 1548 summo
723 1523 849 1555 pontifici
867 1531 954 1556 super
970 1531 1138 1549 excommu-

170 1571 314 1595 nicationc
338 1571 363 1595 in
388 1578 444 1603 qua
468 1570 551 1604 positi
575 1570 691 1596 suerunt
713 1572 867 1597 occasione
886 1571 981 1597 >tasse
1002 1571 1136 1605 Fiscalie‚

170 1622 198 1643 et
219 1626 308 1651 super
325 1618 460 1644 omnibus
484 1619 548 1644 aliis
573 1619 922 1645 excommunicationibus
944 1620 1049 1653 quibus
1070 1625 1138 1646 suut

167 1666 287 1700 dejure
310 1667 352 1691 vel
377 1666 411 1691 de
436 1667 508 1692 facto
523 1668 603 1700 juste
627 1666 670 1693 vel
695 1668 801 1701 injuste
819 1668 908 1701 ligati.
928 1668 958 1693 Et
976 1669 1138 1702 specialiter

167 1715 308 1740 dederunt
325 1715 350 1740 ei
368 1715 528 1749 parabolam
546 1720 574 1742 et
590 1716 738 1742 licenciam
758 1722 787 1741 ut
807 1725 895 1750 super
911 1725 1009 1742 eorum
1027 1717 1138 1744 animas

161 1764 242 1796 juret
260 1767 394 1797 precepta
411 1763 541 1797 ejusdem
558 1763 666 1789 domini
681 1773 750 1798 pape
763 1773 768 1793 ;
782 1769 808 1789 et
825 1766 878 1798 ipsi
895 1765 1030 1791 omnibus
1045 1766 1138 1792 modis

165 1812 279 1838 firmum
301 1817 329 1837 et
353 1817 444 1838 ratum
469 1812 572 1838 habere
590 1814 786 1846 promiserunt
803 1814 939 1847 quicquid
959 1822 1008 1848 per
1025 1814 1138 1848 predic-

166 1864 227 1886 tum
246 1860 376 1886 Bennum
391 1862 520 1894 judicem
539 1861 643 1887 sactum
661 1862 747 1887 fuerit
768 1863 792 1888 in
813 1863 950 1896 predictis
970 1864 1013 1889 vel
1036 1864 1062 1889 in
1084 1865 1137 1890 ali-

164 1917 222 1942 quo
244 1909 447 1942 predictorum.
474 1909 596 1944 lnsuper
619 1910 834 1936 constituerunt
854 1911 976 1937 cundem
1007 1912 1136 1938 Bcnnum

164 1965 251 1983 suuni
274 1962 486 1991 procuratorem
509 1958 541 1983 ad
569 1958 678 1984 litteras
696 1959 890 1992 impetrandas
906 1965 933 1985 et
949 1959 1062 1994 judices
1084 1971 1137 1994 pe-

166 2006 269 2031 tendos
290 2010 318 2031 et
340 2006 515 2032 recusandos
539 2010 566 2032 ct
590 2006 622 2032 ad
648 2008 902 2034 conti-:ulicendnm
927 2010 1062 2035 omnibus
1088 2011 1136 2044 qui

163 2059 265 2081 eontra
281 2063 434 2080 commune
454 2055 581 2081 Feri-arie
599 2056 704 2082 vellent
721 2056 829 2082 litteras
844 2058 1006 2091 impetrare=
1021 2060 1136 2092 promit—

164 2106 261 2129 tentes
285 2103 417 2129 similiter
444 2107 534 2129 ratum
559 2108 586 2129 et
611 2104 724 2130 firmum
749 2105 853 2131 haltere
879 2106 1015 2140 quicquid
1040 2108 1136 2134 dictus

167 2155 336 2185 procurator
353 2152 452 2177 feeerit
468 2152 494 2177 in
513 2152 660 2186 predictis.
678 2152 722 2178 Ad
740 2153 792 2179 hec
809 2154 887 2179 suere
908 2159 1058 2188 presentes
1075 2160 1134 2182 tes-

164 2203 210 2225 tes
227 2200 316 2233 rogati
330 2199 438 2225 domini
452 2199 571 2226 Leutius
582 2201 658 2234 juris
675 2202 795 2235 peritus,
809 2201 969 2229 Jacobinns
980 2203 1014 2229 de
1025 2204 1132 2236 Trotta‚

166 2247 335 2273 Leonardus
356 2247 390 2273 de
412 2247 493 2279 Bois,
511 2248 602 2274 Wido
618 2249 652 2274 de
670 2248 825 2280 Cori-ariis,
846 2250 1003 2277 Ubertinus
1019 2252 1134 2279 domine

165 2295 250 2325 Fine,
278 2296 374 2322 Conus
404 2297 511 2322 domiui
538 2298 694 2329 Advocati,
726 2299 895 2325 Albertinus
925 2300 959 2325 de
990 2300 1134 2332 F'ontana=

163 2343 334 2370 VVidolinns
358 2346 392 2370 de
416 2345 613 2377 VVidolJertis,
640 2347 792 2373 Widottus
818 2348 852 2373 de
877 2348 993 2375 domino
1021 2349 1132 2384 Peppo,

163 2393 239 2419 Faba
255 2394 360 2418 domini
379 2393 481 2423 Leutii,
502 2394 607 2420 I'etrus
624 2395 723 2421 Bonus
740 2397 774 2421 de
787 2396 981 2428 Aldeurando,
994 2398 1083 2424 Wido
1099 2400 1133 2425 de

164 2441 275 2471 Sallhe,
295 2441 512 2468 Lamsrankmus
528 2444 634 2477 judex,
653 2443 854 2471 wala-citimus
875 2446 982 2472 domini
1003 2446 1132 2474 Freducii

163 2489 417 2524 Stillanusjudex,
435 2490 577 2517 ltodulsus
591 2492 625 2517 de
640 2491 846 2523 vicedominis,
863 2493 965 2520 Petrus
977 2495 1011 2520 de
1026 2496 1132 2522 Albaro

157 2538 194 2563 de
222 2537 305 2571 Beis,
330 2538 514 2565 Jolianninus
539 2540 573 2565 de
600 2540 703 2566 Boaria
723 2542 829 2575 judex,
859 2542 960 2569 Petrus
985 2543 1020 2569 de
1051 2544 1133 2570 Reti-

160 2595 256 2620 nagno
269 2586 370 2620 judex,
387 2587 600 2622 Bouaveutura,
614 2588 792 2621 Widoliuus,
810 2590 1006 2621 Franeolinus,
1022 2592 1133 2618 Jolian·

162 2643 216 2660 nes
231 2636 338 2661 domini
358 2635 452 2670 l'eppo
469 2636 621 2663 Widonus
637 2642 665 2663 et
682 2637 823 2663 Martinus
842 2638 928 2665 Pauci
945 2641 1056 2667 notarii.
1070 2640 1132 2675 Ego

160 2815 185 2839 ¹1.
205 2813 332 2845 Ferrare,
351 2815 381 2841 13
397 2816 492 2848 juillet
511 2817 586 2842 1227.
604 2832 639 2837 —
660 2817 698 2843 La
718 2826 873 2845 commune
889 2820 923 2846 de
943 2820 1060 2847 Fon-are
1081 2822 1131 2848 dc-

122 2865 191 2896 pute
215 2862 239 2886 lc
259 2863 330 2895 jugo
357 2862 454 2888 Uenno
475 2873 509 2889 au
536 2873 607 2898 pape
633 2865 771 2899 Gregou'e
798 2867 839 2893 IX
865 2877 936 2901 pour
960 2870 996 2895 lui
1021 2870 1131 2896 donner

121 2909 300 2935 satisfactioni
317 2911 515 2938 relativemcnt
530 2915 543 2937 a
560 2913 691 2939 diverses
708 2916 1006 2944 excommunications
1022 2927 1131 2945 encou-

122 2965 192 2983 rues
209 2966 257 2991 par
274 2958 336 2989 elle,
355 2962 532 2985 notamuwnt
548 2962 562 2985 a
583 2970 690 2996 propos
706 2963 740 2987 de
758 2964 782 2989 la
798 2963 893 2990 Massa
910 2965 1042 2993 Ftsealia.

1260 399 1419 426 Tederieus
1437 401 1605 434 prenomine
1630 400 1775 433 Rigatius,
1792 401 1867 427 sacri
1884 401 1989 435 pallatii
2009 406 2036 428 et
2058 405 2127 428 tunc
2148 411 2230 429 com-

1261 448 1357 474 munis
1375 447 1503 474 Ferrarie
1521 448 1660 479 notarius¹
1678 448 1711 474 ad
1731 449 1784 475 hec
1801 457 1920 483 presens
1935 449 2039 484 scripsi
2056 454 2184 484 rogatus.

1222 600 1374 627 CCXan
1387 604 1406 627 ¹.

1294 703 1466 738 Exemplum
1485 703 1638 737 cujusdam
1654 704 1839 730 instrumenti
1856 704 1899 730 sic
1915 704 2089 738 incipientis.

1294 751 1325 777 In
1346 752 1461 777 nomine
1479 756 1577 778 sancte
1593 756 1621 777 et
1635 751 1781 778 individue
1792 751 1952 786 'rt-innatis,
1965 760 2059 778 amen.
2072 753 2156 779 Anno
2170 752 2230 779 Do-

1259 799 1327 826 mini
1347 800 1500 826 millesimo
1516 799 1716 826 ducentesimo
1738 800 1895 834 tricesimo,
1913 801 2066 827 undecimo
2082 800 2135 827 kal.
2152 801 2228 833 maii,

1259 848 1414 874 indictione
1440 848 1543 880 tercia,
1571 849 1754 883 pontificatus
1777 849 1884 875 domini
1906 849 2038 883 Gregorii
2066 858 2136 884 pape
2162 849 2229 876 noui

1258 905 1332 922 anno
1342 900 1453 930 quarto.
1463 896 1534 922 Cum
1545 896 1717 923 venerabilis
1727 897 1947 930 patei-dominus
1959 897 2112 924 Rainerius
2123 897 2229 924 Sancte

1258 945 1346 971 Maric-
1369 945 1396 971 in
1420 945 1566 971 Cosmidin
1588 945 1727 971 diaconus
1744 945 1897 971 cardinalis
1913 954 1927 971 a
1949 945 2065 972 domino
2087 945 2229 980 Gregorio

1258 1002 1330 1028 papa
1355 1002 1429 1019 nono
1451 993 1592 1027 receperit
1612 993 1640 1018 in
1664 993 1813 1023 mandatis,
1838 997 1868 1019 ut
1886 993 2016 1027 ydoneos
2042 994 2229 1020 fideiussores

1259 1050 1308 1075 pro
1326 1041 1454 1067 l’tomana
1470 1042 1592 1067 ecelesia
1610 1041 1752 1074 reciperet
1768 1050 1782 1067 a
1798 1042 1885 1067 nobili
1901 1041 1960 1067 viro
1978 1042 2109 1068 Rainono
2126 1041 2160 1067 de
2174 1041 2229 1068 La-

1258 1090 1340 1122 tolla,
1361 1089 1394 1115 ad
1417 1098 1560 1115 summam
1585 1090 1660 1115 mille
1684 1089 1820 1116 librarum
1845 1091 2095 1124 proveniensium,
2119 1090 2154 1115 de
2176 1098 2229 1124 pa—

1258 1140 1345 1164 rendo
1368 1138 1510 1164 mandatis
1533 1138 1656 1164 ecclesie
1681 1138 1810 1164 Romane
1831 1146 1919 1172 super
1945 1146 1977 1163 eo
2003 1138 2077 1172 quod
2101 1141 2229 1164 castrum

1258 1187 1325 1212 Saxi
1342 1186 1374 1212 ad
1395 1186 1552 1212 Romanam
1570 1187 1720 1213 ecelesiam
1740 1187 1817 1213 nullo
1834 1186 1927 1212 medio
1945 1188 2104 1221 pertinente
2120 1187 2229 1220 injuste

1257 1240 1284 1262 et
1301 1236 1443 1261 hostiliter
1460 1236 1612 1266 invaserat,
1630 1236 1803 1265 detinuerat,
1822 1239 1850 1261 et
1866 1236 1930 1261 dolo
1947 1235 2141 1270 postmodum,
2153 1235 2229 1261 sicut

1256 1284 1371 1316 dicitur,
1389 1284 1514 1309 desierat
1530 1284 1695 1318 possidere;
1715 1288 1829 1318 propter
1845 1284 1920 1317 quod
1939 1284 2030 1309 suerat
2046 1292 2058 1309 a
2078 1284 2151 1309 bone.
2168 1291 2229 1309 me-

1258 1333 1346 1358 morie
1364 1332 1492 1357 Honorio
1510 1341 1580 1366 papa
1598 1333 1686 1358 tercio
1703 1332 2105 1366 excommunicatus-publice
2126 1335 2154 1357 et
2171 1331 2228 1357 fre-

1256 1385 1396 1414 quoium-3
1422 1380 1517 1406 dictus
1544 1380 1695 1406 Rainonus
1724 1381 1749 1406 iu
1778 1380 1909 1413 ejusdem
1938 1380 2045 1405 domini
2075 1379 2229 1406 cardinalis

1256 1428 1407 1463 presencia
1429 1428 1606 1454 constitutus
1629 1436 1694 1454 cum
1719 1429 1859 1454 instancia
1879 1429 2040 1461 postulabat
2062 1436 2077 1453 a
2100 1427 2228 1461 predicto

1255 1477 1371 1502 domino
1388 1477 1538 1507 cardinali,
1560 1481 1589 1502 ut
1609 1478 1692 1510 juxta
1712 1477 1819 1502 domini
1838 1485 1909 1510 pape
1927 1476 2090 1501 mandatum
2107 1476 2228 1501 fideius-

1256 1534 1338 1551 sores
1353 1526 1387 1550 ab
1405 1533 1438 1550 eo
1456 1525 1606 1559 reciperet,
1623 1533 1697 1559 quos
1715 1525 1930 1559 presencialiter
1947 1524 2081 1550 offerebat
2101 1523 2226 1550 Tandem

1255 1574 1390 1600 dominus
1415 1573 1565 1599 Rainonus
1589 1577 1765 1599 memoratus
1787 1573 1919 1607 promisit
1941 1580 1990 1606 per
2012 1572 2226 1606 stipulationem

1255 1623 1310 1649 sub
1329 1630 1399 1657 pena
1423 1622 1497 1647 mille
1519 1621 1654 1647 librarum
1680 1622 1807 1655 predicto
1823 1621 1938 1646 domino
1954 1620 2088 1646 cardinali
2109 1628 2158 1654 pro
2174 1620 2227 1646 do-

1257 1672 1333 1697 mino
1355 1680 1427 1706 papa
1447 1670 1568 1704 suisque
1584 1670 1808 1696 successoribus
1824 1674 1851 1695 et
1867 1670 1989 1695 ecclesia
2007 1668 2136 1695 Romana
2151 1669 2228 1695 reci-

1257 1720 1356 1754 pienti,
1373 1724 1448 1745 stare
1466 1719 1607 1745 mandatis
1623 1719 1790 1745 eorumdem
1807 1722 1835 1744 et
1851 1718 1973 1744 ecclesie
1990 1717 2155 1752 supradicte
2172 1717 2228 1743 sub

1257 1768 1437 1802 obligacione
1454 1767 1582 1793 omnium
1606 1767 1744 1793 bonorum
1764 1775 1895 1793 suorum.
1919 1766 1953 1792 Et
1969 1766 2103 1792 dominus
2119 1765 2228 1791 Johan-

1257 1826 1308 1843 nes
1320 1816 1408 1843 Urbis
1422 1817 1494 1841 alme
1507 1816 1653 1850 prefectus
1665 1815 1691 1841 iu
1706 1815 1843 1841 trecentis
1860 1814 1950 1842 libris.
1967 1819 1994 1840 et
2010 1814 2144 1840 dominus
2154 1813 2228 1839 Tlie-

1258 1866 1359 1891 baldus
1378 1865 1500 1890 Presecti
1524 1865 1549 1890 in
1573 1864 1706 1890 ducentis
1725 1863 1805 1889 libris
1822 1867 1849 1889 et
1870 1862 2006 1888 dominus
2025 1861 2177 1896 Cappellus
2193 1861 2229 1887 de

1256 1914 1365 1940 Latolla
1383 1915 1409 1939 in
1427 1913 1561 1939 ducentis
1574 1912 1665 1942 libris,
1679 1917 1707 1938 et
1720 1912 1854 1938 dominus
1870 1911 2034 1937 Alexander
2049 1910 2082 1936 de
2100 1910 2227 1936 Brazano

1257 1964 1283 1988 in
1301 1967 1417 1988 centum
1432 1962 1524 1993 libris,
1539 1961 1572 1987 ad
1587 1961 1758 1995 peticionem
1774 1965 1803 1986 et
1819 1959 1983 1985 mandatum
2001 1960 2069 1985 dicti
2087 1958 2228 1984 Rainonis

1254 2017 1282 2037 et
1306 2012 1331 2036 iu
1352 2020 1405 2036 sua
1424 2011 1585 2045 presencia,
1604 2010 1786 2035 fideiussorio
1804 2009 1918 2034 nomine
1936 2017 1985 2043 pro
2002 2008 2065 2043 ipso
2084 2008 2227 2042 promise-

1256 2064 1320 2086 runt
1337 2064 1364 2086 et
1381 2060 1587 2085 fideiussorum
1604 2058 1677 2092 apud
1702 2058 1861 2092 predictum
1883 2057 2030 2082 dominum
2054 2056 2226 2082 cardinalem

1255 2109 1440 2143 stipulaniem
1464 2109 1498 2133 ab
1520 2116 1553 2133 eo
1578 2108 1683 2133 dictam
1701 2115 1843 2133 summam
1860 2115 1909 2140 pro
1931 2106 2006 2132 dicto
2023 2106 2138 2131 domino
2156 2113 2227 2140 papa

1254 2157 1375 2191 suisque
1393 2157 1617 2183 successoribus
1637 2160 1664 2181 et
1684 2156 1808 2182 ecclesia
1825 2155 1968 2186 Romana,
1986 2154 2061 2188 quod
2080 2153 2228 2187 predictus

1254 2206 1406 2232 Rainouus
1428 2205 1530 2238 stabit,
1552 2204 1680 2230 attendet
1703 2208 1731 2229 et
1754 2203 1919 2229 observabit
1941 2202 2072 2242 mandata
2097 2202 2226 2228 Romane

1252 2255 1376 2280 ecclesie
1398 2258 1426 2280 ct
1448 2262 1584 2283 suorum,
1604 2261 1656 2279 nec
1679 2257 1777 2279 contra
1800 2252 1884 2278 faciet
1906 2260 1998 2286 neque
2019 2251 2112 2277 veniet
2131 2251 2226 2284 aliquo

1254 2303 1370 2337 ingenio
1395 2303 1438 2328 vel
1462 2302 1631 2328 subtilitate.
1651 2300 1734 2333 Quod
1756 2300 1781 2326 si
1805 2308 1858 2326 non
1876 2299 2042 2326 observabit
2063 2300 2105 2325 vel
2126 2302 2226 2325 contra

1252 2353 1351 2382 saciet,
1380 2351 1499 2385 quilibet
1521 2350 1713 2384 predictorum
1736 2349 1939 2374 fideiussorum
1962 2348 2074 2373 solvere
2097 2347 2226 2373 Romane

1251 2400 1374 2426 ecclesie
1391 2400 1496 2425 dictam
1515 2399 1666 2433 pecuniam
1685 2398 1710 2423 in
1728 2406 1783 2431 qua
1800 2397 1946 2426 tidoiubet,
1961 2396 2093 2429 obligans
2104 2395 2225 2429 quilibet

1251 2457 1349 2474 corum
1367 2448 1400 2473 ad
1420 2448 1471 2473 bec
1487 2447 1581 2473 onmia
1599 2447 1671 2472 bona
1691 2454 1757 2474 sua,
1776 2445 1979 2471 renunciantes
1998 2452 2069 2469 nore
2083 2444 2225 2469 constitu-

1253 2497 1340 2523 tionis
1366 2496 1505 2522 beneficio
1530 2499 1557 2521 et
1577 2495 1695 2520 cuilibet
1715 2495 1762 2520 alii
1784 2493 1905 2522 auxilio,
1932 2500 1982 2526 per
2005 2491 2079 2526 quod
2107 2494 2226 2526 possent

1255 2678 1276 2703 l.
1295 2676 1402 2708 Rome,
1419 2676 1449 2701 ⁴31
1469 2675 1540 2701 avril
1559 2673 1636 2701 1230.
1658 2688 1690 2692 —
1715 2673 1865 2704 Muratori,
1882 2673 1958 2703 Ant„
1976 2675 1996 2697 t.
2014 2670 2042 2703 I,
2068 2680 2094 2705 p.
2111 2670 2173 2697 (585.
2190 2685 2224 2689 —

1214 2725 1307 2751 Raino
1324 2725 1396 2750 della
1411 2723 1492 2749 'solla
1507 2722 1602 2748 donne
1617 2731 1651 2748 au
1664 2721 1789 2747 cardinal
1809 2720 1936 2753 stantior,
1949 2719 2045 2745 (linere
2062 2719 2096 2744 de
2109 2718 2223 2744 Sainte-

1214 2774 1301 2799 Marie
1314 2774 1340 2799 in
1353 2772 1518 2804 Cnsnmdin,
1532 2773 1733 2806 representant
1746 2770 1770 2795 le
1783 2778 1854 2804 pape
1872 2769 2012 2802 Gregoire
2024 2767 2079 2802 lx,
2091 2767 2224 2793 diverses

1213 2823 1346 2848 cautious
1364 2830 1434 2855 pour
1452 2821 1475 2846 la
1491 2828 1602 2846 somme
1619 2819 1703 2845 totale
1723 2819 1758 2844 de
1780 2818 1856 2850 l‚(Jt)O
1874 2818 1970 2849 livi-es,
1988 2825 2022 2842 en
2043 2815 2172 2851 garantie
2187 2815 2223 2841 de

1211 2880 1244 2897 sa
1260 2856 1408 2905 protnesse
1424 2870 1458 2895 de
1475 2878 1506 2895 se
1523 2872 1653 2894 inontrer
1668 2867 1815 2893 obeissant
1831 2875 1884 2892 aux
1900 2866 2000 2891 ordres
2017 2865 2053 2891 du
2072 2873 2151 2899 pape.
2168 2863 2222 2898 Ity

1212 2920 1287 2946 avait
1309 2923 1485 2945 contrevenu
1509 2926 1543 2943 en
1569 2919 1745 2950 s'emparant
1767 2916 1803 2941 du
1829 2915 1949 2941 clniteau
1973 2914 2007 2940 de
2031 2914 2118 2940 Sasso
2142 2913 2223 2947 (pres

1211 2968 1364 3000 Cerretri),
1382 2976 1414 2993 ce
1433 2966 1572 3001 pourquoi
1591 2965 1738 2991 Honorius
1755 2963 1796 2989 ΙΙΙ
1814 2964 1908 2990 l'arait
1922 2963 2135 2988 excommunic.
