2392 3571
645 346 693 375 LE
716 346 862 375 LIBER
885 345 1118 375 CENSUUM
1143 345 1197 374 DE
1222 340 1407 375 L'EGLISE
1430 346 1639 375 ROMAINE.
2130 345 2187 375 539

132 412 305 446 commissa,
321 421 374 440 suo
386 412 522 449 simplici
533 412 620 441 verbo
638 417 768 447 tantum,
788 412 853 441 sine
863 413 1044 448 juramento
1057 412 1103 440 vel

133 473 220 493 onere
234 465 363 493 alterius
374 465 574 502 probationis.
594 466 689 499 Quam
707 465 921 498 venditionem,
935 465 1100 499 dationem,

133 517 361 552 concessionem,
382 518 552 552 cessionem,
572 517 798 552 refutationem,
821 518 1039 550 remissionem,
1060 525 1103 544 re—

133 570 373 604 nuntiationem,
391 570 623 607 promissionem
640 574 665 598 ct
684 570 787 598 omnia
806 569 1000 606 supradicta,
1022 573 1053 597 ut
1069 569 1104 597 in

132 622 268 659 singulis
283 622 429 659 capitulis
441 622 655 655 continentur,
673 622 887 658 promittimus
901 630 954 658 per
969 630 1022 650 nos
1036 629 1103 649 nos-

135 679 252 711 trosque
268 674 388 702 heredes
409 679 434 702 et
454 682 633 702 successores
652 674 731 702 vobis
749 674 872 702 tlomino
890 674 1032 702 Alatrino
1047 674 1103 701 sti-

131 727 259 764 pulanti
274 727 399 754 nomine
414 726 545 754 Romane
558 726 675 754 ecclesie
687 726 839 754 attendere
855 730 880 754 et
897 726 1064 759 observare,
1078 731 1104 754 et

135 787 196 808 non
209 779 423 808 contravenire
437 787 492 816 per
507 787 561 807 nos
577 783 603 807 et
618 783 736 807 nostros
752 779 872 807 heredes
887 783 912 806 et
925 786 1105 807 successores

134 832 181 860 vel
189 840 244 869 per
252 831 434 860 submissam
442 839 603 868 personam
614 832 751 868 aliquam
763 832 916 860 occasione
925 832 971 860 vel
980 832 1104 868 inyenio

135 884 214 922 quod
222 885 390 921 excoyitari
399 889 506 921 posset,
520 884 572 912 sub
582 884 763 920 obliyutione
774 888 948 912 nostrornm
957 883 1104 912 bonorum

131 937 320 974 presentium
344 941 370 965 et
391 937 571 972 futurorum
590 944 645 972 que
666 937 882 964 constituimus
898 944 951 964 nos
964 937 1105 973 precario

132 998 188 1026 pro
207 990 343 1018 Romana
360 989 480 1018 ecclesia
495 989 656 1026 possidere,
677 993 703 1017 et
722 989 776 1017 sub
795 997 873 1026 pena
894 989 1027 1017 [luorum
1044 998 1071 1017 m
1079 989 1105 1016 i-

136 1042 215 1071 lium
235 1050 415 1070 marcarum
444 1043 579 1079 argenti,
611 1046 637 1069 et
657 1050 735 1078 pena
756 1042 915 1070 commissa
941 1042 986 1070 vet
1006 1043 1105 1070 soluta

136 1095 182 1123 vet
203 1103 264 1123 non
285 1095 393 1130 soluta,
414 1094 548 1131 predicta
565 1094 669 1122 omnia
689 1098 715 1122 et
730 1095 855 1131 singyula
873 1099 907 1122 ut
924 1095 955 1122 in
973 1095 1106 1131 sinyulis

136 1147 280 1184 capitulis
293 1147 434 1184 superius
450 1147 649 1175 continentur
667 1147 698 1174 in
712 1155 768 1175 sua
784 1151 930 1175 maneant
945 1147 1102 1183 firmitate.

135 1200 211 1228 Item
231 1200 444 1236 promittimus
465 1200 546 1228 vobis
568 1199 692 1228 domino
707 1200 849 1229 Alatrino
870 1201 1030 1237 recipienti
1052 1209 1106 1229 no-

136 1253 218 1281 min-e
241 1253 373 1281 Romane
390 1253 518 1287 ecclesie,
538 1254 591 1282 suti
606 1253 742 1290 predicta
758 1262 852 1290 pena,
872 1262 924 1282 nos
944 1257 1107 1282 curaturos

135 1309 161 1334 et
176 1306 312 1340 facturos
332 1305 412 1342 quod
433 1314 552 1341 umore&
577 1314 692 1334 sorores
715 1310 740 1334 et
765 1306 827 1342 filie
850 1311 875 1334 et
898 1314 1007 1334 uxores
1024 1306 1106 1343 fitio-

134 1365 205 1386 rum
220 1362 396 1386 nostrorum
409 1358 482 1386 huic
496 1358 666 1387 venditioni
678 1363 703 1386 et
716 1359 909 1394 concessioni,
926 1360 1004 1388 sicu-t
1018 1368 1107 1397 supe-

136 1410 203 1438 rius
220 1410 343 1447 lepitur,
362 1411 548 1439 consentient
564 1415 590 1438 et
605 1411 775 1445 concedent,
789 1411 907 1440 etvobis
918 1420 972 1448 pro
986 1412 1107 1440 eeclesia

134 1463 271 1492 Romana
294 1463 395 1492 cedent
418 1464 525 1492 omnia
541 1464 618 1500 jura
641 1473 698 1492 sua
719 1469 744 1492 et
763 1465 895 1493 actiones
914 1465 971 1493 sibi
994 1473 1106 1502 compe-

138 1517 233 1545 tentia
254 1517 287 1545 in
305 1517 382 1545 dicto
405 1522 502 1546 castro
519 1517 657 1546 Miz-anile
675 1522 700 1546 et
714 1518 913 1554 pertinentiis
928 1519 1003 1552 suis,
1020 1527 1106 1547 occa-

136 1569 219 1598 sione
232 1569 350 1597 dotium
367 1570 414 1598 vel
435 1570 499 1598 alia
516 1570 649 1606 qualibet
670 1571 834 1598 occasione.
854 1571 889 1598 Et
905 1571 944 1599 acl
959 1572 1107 1608 majorem

135 1621 317 1658 firmitatem·
331 1622 426 1650 liuius
439 1626 614 1651 contractus
629 1630 683 1651 nos
698 1623 870 1660 supradicti
886 1623 1065 1658 Osrcclucius
1081 1628 1107 1652 et

137 1674 250 1711 Sunion
262 1674 382 1703 domini
397 1675 611 1709 Bai-tholomei,
625 1680 651 1704 et
666 1675 789 1712 Symon,
807 1676 934 1711 Osredon
942 1685 975 1704 us
990 1681 1016 1705 et
1032 1677 1108 1714 Ray-

136 1727 250 1757 naldus
265 1728 420 1764 quondam
437 1728 556 1757 domini
572 1729 708 1762 Rulierti,
727 1734 751 1757 et
772 1730 967 1758 Bonuscomes
987 1734 1013 1758 et
1030 1730 1107 1758 Bar-

140 1781 284 1809 tolomcus
299 1780 360 1817 filii
379 1780 510 1817 predicti
526 1781 646 1810 domini
665 1781 828 1817 Ofreducii,
848 1787 873 1810 et
892 1782 1004 1819 Symon
1021 1783 1107 1819 silius

137 1833 213 1862 dicti
228 1832 348 1862 domini
367 1833 521 1870 Symonis,
533 1835 620 1862 tactis
638 1835 839 1863 sacrosanctis
857 1835 1024 1872 eoanqeliis
1040 1844 1107 1864 cor-

134 1886 285 1923 poraliter
303 1886 454 1923 juramus
481 1887 585 1915 omnia
613 1892 638 1915 et
666 1888 791 1924 sinyula
816 1888 995 1925 supradicta
1018 1893 1050 1916 ut
1075 1889 1106 1917 in

137 1939 272 1976 singulis
283 1939 428 1976 capitulis
442 1939 641 1968 continentur
652 1940 818 1974 ohservare,
833 1941 993 1976 attendere,
1009 1946 1034 1970 et
1046 1950 1107 1970 non

139 1992 353 2020 contravenire
373 1993 526 2020 occasione
548 1993 682 2021 minoris
703 1994 791 2021 etatis
814 1994 860 2022 vel
885 1994 950 2022 alia
975 1995 1109 2031 qualibet

138 2044 291 2073 occasione
312 2045 357 2073 vel
379 2044 499 2080 fraude.
523 2045 597 2073 Item
613 2046 763 2082 juramus
779 2045 954 2082 fidelitatem
978 2048 1108 2076 Romane

139 2097 263 2132 ecclesie,
294 2097 413 2126 domini
438 2097 575 2134 Greyorii
598 2107 674 2135 pape
691 2099 765 2127 noni
779 2104 805 2127 ct
822 2107 1029 2129 successorum
1044 2101 1108 2138 ejus

138 2149 282 2178 canonice
298 2150 501 2184 intrantium,
518 2151 596 2179 sicut
608 2151 640 2179 in
651 2152 935 2188 sormaJ'mamenti
949 2152 1109 2189 fidelitatis

138 2202 172 2230 in
191 2202 325 2238 singulis
340 2203 485 2239 capitulis
501 2204 685 2238 continetur,
701 2209 844 2241 perpetuo
859 2205 1026 2234 observare.

178 2255 309 2292 Insuper
328 2263 383 2284 nos
405 2255 560 2292 Galyanus
574 2256 732 2291 Saraceni,
756 2258 898 2286 Vivenius
914 2258 1031 2293 Enrici,
1051 2259 1108 2296 Sy-

138 2316 210 2336 mon
225 2307 345 2337 domini
360 2308 520 2344 Johannis,
541 2309 668 2338 Gentilis
681 2310 840 2345 Saraceni,
859 2312 1005 2340 Bonconte
1018 2312 1108 2341 Sara-

140 2360 215 2396 ceni,
239 2360 446 2390 Bartolomeus
470 2361 580 2397 Fortis,
607 2363 765 2391 Rainonus
790 2363 937 2392 Guiclonis
961 2369 987 2393 et
1011 2365 1110 2394 Bona-

139 2421 247 2442 cursus
285 2413 411 2442 Matthei
446 2414 481 2443 de
515 2415 708 2452 Aquasparta
721 2438 728 2450 ,
770 2416 898 2445 Ubaldus
938 2417 1107 2452 Guirrisii,

138 2466 309 2496 Benencasa
343 2467 514 2503 Benedicti,
547 2469 669 2498 Clarius
705 2468 856 2506 Huyolini
890 2470 1107 2506 Bonicomitis,

141 2518 237 2548 Guido
254 2520 366 2557 Lupus,
384 2525 410 2549 et
427 2521 610 2558 Capitaneus
624 2522 773 2559 Huyotini
789 2523 986 2552 Bonicomitis
1001 2524 1035 2552 de
1050 2524 1110 2552 Tu-

140 2572 234 2608 derto,
253 2573 361 2602 Petrus
376 2573 490 2610 Leonis,
509 2574 618 2610 Sforza
632 2575 713 2604 Eblii
729 2580 754 2604 et
772 2576 946 2605 Leonardus
963 2576 1111 2606 Gimundi

92 2647 96 2649 —
141 2625 175 2654 de
192 2626 331 2661 Narnia,
358 2627 557 2656 Transericus
578 2628 612 2656 de
636 2629 745 2666 Campo
762 2629 892 2666 Riyalis,
915 2629 1042 2658 Thomas
1057 2630 1110 2659 cio-

142 2678 224 2706 mini
247 2678 370 2708 Actonis
393 2679 428 2707 de
448 2679 664 2717 Interampna,
691 2681 889 2710 Bonuscomes
911 2682 1059 2719 Huyolini
1077 2682 1110 2711 de

141 2730 326 2767 Castiqlione
341 2732 503 2761 comitatus
520 2733 652 2768 Perusii‚
671 2738 697 2762 et
711 2734 848 2763 Amelius
863 2739 889 2763 et
907 2735 1022 2763 Rubeus
1036 2735 1110 2764 Fre-

132 2778 238 2812 derici
253 2783 288 2812 de
303 2783 487 2820 Lacuscello,
513 2785 548 2814 de
569 2786 715 2815 mandato
738 2791 764 2815 et
783 2787 940 2816 voluntate
958 2787 1111 2825 predicto-

140 2843 213 2864 rum
231 2836 430 2865 dominorum
446 2837 520 2866 olim
534 2837 566 2867 de
581 2838 736 2874 Miranda,
749 2840 969 2878 principaliter
978 2841 1111 2877 promit-

144 2888 238 2917 timus
254 2893 279 2917 et
295 2889 466 2926 obliyamus
479 2899 534 2928 per
553 2899 608 2920 nos
627 2896 801 2929 nostrosque
818 2893 939 2922 heredes
956 2898 982 2922 et
997 2902 1112 2923 succes-

142 2949 222 2970 sores
246 2941 329 2970 vobis
350 2941 473 2972 domino
498 2944 640 2973 Alatrino
668 2946 828 2983 recipienti
852 2947 976 2975 nomine
1001 2951 1026 2975 et
1048 2946 1112 2975 vice

142 2993 274 3023 Romane
298 2995 433 3030 ecclesie,
461 3004 514 3025 nos
538 2997 674 3032 facturos
700 3002 726 3026 et
747 3003 909 3027 curaturos
930 2998 1009 3035 quod
1037 2999 1113 3027 dicti

1225 411 1344 440 domini
1357 411 1428 439 olim
1445 412 1478 439 tle
1493 412 1634 440 Miranda
1650 417 1675 441 et
1690 413 1751 448 filii
1761 413 1932 441 eorumdem
1953 413 2064 442 dictam
2081 413 2188 441 veneli-

1226 465 1347 498 tionem,
1364 465 1592 497 concessionem,
1606 466 1775 497 cessionem,
1795 466 2019 500 refutationem.
2035 466 2187 494 remissio-

1225 525 1308 550 nem,
1345 517 1623 550 renuntiationem,
1656 518 1864 552 donationem,
1899 519 2128 554 promissionem
2162 523 2187 546 et

1225 573 1346 605 pactum
1367 569 1400 597 tle
1416 577 1473 597 non
1490 570 1614 605 petendo
1630 575 1654 597 et
1671 571 1774 598 omnia
1793 575 1822 598 nt
1845 571 1875 598 in
1898 571 2030 606 sinqnlis
2044 571 2189 607 capitulis

1226 622 1367 657 superius
1399 622 1584 654 continetur,
1616 622 1769 650 attendent
1799 627 1823 650 et
1858 623 2054 650 observatum
2084 632 2189 660 perpe-

1228 677 1290 707 tuo,
1320 677 1346 700 et
1369 681 1427 700 non
1454 674 1681 701 contravenient
1708 675 1736 702 in
1759 676 1862 711 aliquo
1885 676 2018 711 capitulo
2039 676 2188 712 predicto-

1229 734 1296 754 rum
1310 726 1355 754 vet
1368 734 1459 762 perse
1476 727 1518 754 cel
1534 735 1585 762 per
1600 727 1696 754 atinm
1713 728 1818 763 aliqua
1832 729 1991 762 occasione,
2007 728 2131 763 inssenio
2145 728 2189 756 rel

1225 779 1346 814 frande.
1366 779 1398 806 lit
1415 779 1440 805 si
1459 779 1488 805 in
1511 779 1614 814 ali'quo
1634 779 1835 815 predictorum
1859 781 2104 809 contravenerint
2123 788 2187 808 om-

1228 841 1277 860 nes
1298 832 1342 860 vel
1364 840 1446 859 unus
1471 832 1619 867 ipsorum.
1641 832 1851 868 promittimus
1868 840 1921 868 per
1942 841 1994 860 nos
2015 837 2186 869 nostrosque

1227 884 1345 912 heredes
1365 889 1390 912 et
1406 892 1593 917 successores,
1613 884 1820 912 constituendo
1839 894 1890 911 nas
1906 885 2091 921 principales
2108 884 2189 913 [lebi-

1228 943 1302 965 tores
1320 937 1416 973 ipsius
1438 937 1573 969 ecclesie,
1597 937 1691 972 ipsam
1718 937 1880 965 Romanam
1900 938 2051 965 ecclesiam
2070 946 2189 965 conser-

1228 997 1299 1017 vare
1318 988 1507 1024 indempnem
1531 988 1644 1015 nostris
1664 989 1815 1024 [arpensis.
1842 993 1867 1015 et
1888 989 1991 1015 omnia
2011 988 2144 1024 dampna
2165 993 2190 1016 et

1228 1050 1371 1078 expensas
1396 1049 1451 1076 que
1476 1045 1500 1068 et
1525 1049 1600 1076 quas
1626 1041 1745 1067 eeclesia
1771 1041 1902 1068 Romana
1933 1041 1974 1068 uel
1999 1041 2113 1076 aliquis
2137 1049 2191 1077 pro

1227 1095 1349 1123 ecclesia
1367 1094 1517 1121 occasione
1529 1093 1665 1129 predicta
1681 1093 1851 1121 sustineret.
1874 1094 1987 1129 inicare
2004 1094 2149 1121 resarcire
2165 1098 2190 1121 et

1228 1156 1347 1175 reicere
1367 1147 1596 1183 pramn'nimus,
1617 1146 1761 1173 credendo
1781 1150 1805 1173 et
1828 1145 1933 1173 stando
1956 1145 1988 1173 tie
2008 1146 2150 1182 dampnis
2165 1150 2191 1173 et

1229 1200 1365 1236 expensis
1380 1199 1516 1235 simplici
1534 1199 1617 1225 rertto
1635 1198 1740 1225 nuntii
1762 1198 1877 1225 ecclesie
1894 1199 1944 1225 eui
1961 1198 2093 1233 prmlicta
2112 1206 2192 1224 com-

1228 1253 1320 1281 missa
1347 1256 1441 1280 essent
1466 1251 1501 1279 ab
1529 1251 1649 1279 ecclesia
1673 1251 1818 1283 Romana,
1844 1251 1909 1277 sine
1934 1255 2122 1278 sacramento
2150 1250 2193 1277 vel

1229 1307 1337 1335 honere
1361 1306 1489 1334 alterins
1515 1304 1717 1341 probationis,
1738 1303 1790 1331 sub
1813 1303 1994 1340 obligatione
2021 1308 2191 1331 nostrorum

1229 1361 1373 1388 bonorum
1392 1359 1578 1396 presentium
1606 1362 1631 1385 et
1653 1358 1846 1391 futurorum,
1871 1361 1897 1383 et
1919 1364 1995 1392 pena
2012 1355 2107 1383 decem
2134 1356 2194 1383 mi-

1229 1414 1305 1442 linm
1324 1413 1475 1441 lilmarum
1494 1411 1677 1439 lucensium.
1701 1410 1733 1437 Et
1753 1418 1831 1446 pena
1849 1409 1947 1437 soluta
1970 1409 2013 1436 rel
2033 1408 2193 1436 commissa

1229 1466 1274 1495 vel
1291 1474 1349 1493 non
1366 1465 1475 1493 soluta.
1499 1467 1673 1492 contractus
1691 1463 1743 1490 istc
1759 1467 1784 1489 et
1801 1462 1904 1489 omnia
1922 1461 2097 1498 supradicta
2117 1465 2147 1488 ut
2162 1461 2195 1488 in

1227 1518 1360 1555 singulis
1375 1517 1518 1553 capitulis
1534 1516 1732 1544 continentur
1746 1515 1838 1550 firma
1855 1518 1880 1541 et
1897 1518 1966 1541 rata
1980 1518 2189 1550 permaneant.

1228 1571 1448 1599 Renuntiantcs
1461 1569 1596 1604 benefitio
1610 1576 1683 1596 noi-c
1697 1567 1926 1595 constitutionis
1939 1571 1964 1594 ct
1978 1565 2112 1602 benefitio
2124 1565 2195 1601 fitte-

1221 1625 1379 1661 jussorum
1398 1627 1422 1650 et
1438 1622 1606 1659 spetialiter
1625 1621 1672 1648 iili
1690 1620 1855 1648 auctentice
1871 1620 1917 1646 Set
1937 1619 2033 1647 lindie.
2051 1619 2195 1654 omnique

1228 1664 1286 1705 alii
1300 1677 1396 1712 leyum
1415 1680 1440 1703 et
1455 1675 1639 1702 decretorum
1655 1673 1785 1707 aua‘ilio,
1802 1672 1883 1700 nobis
1899 1672 1928 1699 in
1947 1672 2000 1699 hoc
2014 1672 2092 1706 sacto
2110 1671 2194 1699 modo

1229 1730 1333 1766 aliquo
1349 1729 1509 1761 coherenti,
1530 1726 1704 1762 competenti
1721 1730 1746 1753 et
1759 1725 1967 1761 competituro.

1269 1784 1339 1811 Acta
1356 1785 1426 1809 sunt
1443 1781 1494 1808 hec
1513 1781 1541 1807 in
1559 1779 1679 1807 eeclesia
1696 1782 1796 1806 sancte
1809 1778 1904 1805 Marie
1920 1777 2191 1813 Interampnensis,

1230 1836 1260 1863 in
1283 1834 1435 1871 presentia
1453 1832 1571 1861 domini
1591 1831 1742 1859 Joliannis
1766 1829 1887 1858 Beraldi
1903 1829 2020 1866 judicis
2039 1834 2065 1857 et
2084 1830 2196 1857 vicarii

1229 1886 1505 1923 lnterampncnsis,
1539 1884 1657 1912 domini
1689 1883 1822 1911 Toinassi
1849 1882 1881 1910 de
1911 1884 2040 1915 Arrone,
2076 1882 2195 1910 domini

1230 1940 1345 1969 Rolierti
1369 1940 1403 1967 tle
1426 1938 1604 1974 Bombayno,
1631 1936 1749 1964 domini
1772 1936 1897 1964 Henrici
1919 1935 2054 1971 Nicolay,
2077 1935 2196 1963 domini

1232 1992 1358 2022 Gentilis
1380 1991 1531 2023 Falconis,
1549 1989 1668 2017 domini
1686 1988 1813 2017 Gentilis
1834 1987 1868 2015 (Ie
1890 1988 2058 2021 Ancaiano‚
2077 1987 2196 2015 domini

1229 2046 1348 2075 Joliann
1357 2045 1380 2072 is
1397 2043 1552 2077 Guidonis,
1567 2041 1690 2070 Matthei
1707 2041 1874 2074 Anastasii‚
1890 2040 2050 2068 Bonacolte
2062 2040 2192 2076 Sinopii,

1233 2098 1382 2127 Gualterii
1399 2096 1558 2129 Gnidonis,
1578 2094 1710 2122 Tomassi
1726 2093 1886 2126 Rainaltli,
1908 2092 2056 2121 Leonardi
2073 2093 2197 2120 Bonico-

1231 2153 1327 2185 mitis,
1345 2149 1487 2186 magistri
1505 2148 1587 2176 Petri
1601 2147 1763 2184 Sarayoze.
1785 2151 1810 2174 et
1831 2146 1947 2174 Antii-ee
1965 2146 2149 2180 Muzacloris,
2171 2150 2197 2173 et

1231 2205 1365 2234 aliorum
1394 2203 1560 2230 multorum
1587 2204 1836 2237 conqre0at01urn
1862 2207 1915 2235 per
1939 2207 2092 2235 preconem
2117 2199 2197 2226 civi-

1233 2258 1304 2286 tatis
1324 2254 1585 2291 Intcrampnensis
1607 2253 1646 2281 ad
1668 2252 1807 2289 generale
1832 2251 1994 2279 consilium
2018 2251 2050 2278 in
2075 2250 2198 2278 ecclesia

1231 2315 1332 2341 sancte
1357 2309 1451 2338 Μανία
1473 2307 1621 2345 predicta,
1647 2306 1701 2342 qui
1717 2305 1756 2333 ael
1773 2305 1827 2333 hoc
1846 2305 1941 2332 vocati
1959 2309 1984 2331 et
2011 2303 2108 2339 royati
2129 2303 2198 2338 sue-

1231 2368 1306 2392 runt
1327 2367 1420 2391 testes.

1272 2415 1342 2453 [2⁰]
1361 2431 1399 2435 —
1424 2414 1560 2442 Preterea
1584 2411 1720 2448 sequenti
1743 2410 1800 2444 elie,
1824 2410 1920 2438 silicet
1951 2409 1970 2437 1³
1990 2409 2037 2436 (lie
2061 2409 2197 2437 intrante

1233 2477 1332 2498 mense
1347 2467 1458 2504 aprilis
1479 2465 1609 2502 ejusdem
1634 2464 1713 2492 anni
1735 2468 1760 2491 et
1785 2462 1976 2496 indictionis,
2004 2470 2054 2489 nos
2071 2461 2197 2489 [lomina

1231 2522 1330 2551 Maria
1348 2528 1428 2549 uxor
1451 2517 1603 2555 quondam
1629 2516 1747 2544 domini
1768 2515 1901 2548 Ruberti,
1926 2514 2050 2542 (lomina
2079 2513 2196 2541 Prasna

1232 2583 1310 2604 uxor
1336 2572 1456 2601 domini
1485 2570 1628 2607 Symonis
1656 2568 1799 2604 majoris,
1829 2567 1953 2595 domina
1977 2566 2093 2594 Mathia
2120 2573 2198 2594 uoeor

1232 2627 1350 2657 domini
1365 2624 1508 2662 Symonis
1532 2622 1643 2652 novelli
1656 2626 1681 2650 et
1699 2621 1826 2649 (lomina
1845 2619 1987 2648 Fabi-essa
2011 2618 2078 2655 filia
2098 2626 2196 2655 quon-

1231 2681 1303 2709 dam
1340 2677 1459 2707 domini
1492 2675 1626 2709 Ruberti,
1662 2673 1784 2707 damus,
1824 2672 1971 2706 cedimus,
2005 2670 2198 2699 concedimus

1231 2738 1257 2762 et
1278 2731 1464 2760 mandamus
1487 2729 1542 2757 tibi
1566 2727 1690 2756 domino
1717 2725 1848 2754 Gerar-do
1874 2724 1908 2752 de
1933 2724 2077 2752 Ferraria
2092 2722 2198 2760 judici

1231 2784 1386 2823 Spoletani
1404 2782 1532 2811 ducatus
1547 2789 1601 2818 per
1616 2779 1777 2808 dominum
1795 2777 1990 2811 Alatrinum,
2015 2777 2077 2805 vice
2093 2781 2119 2804 et
2141 2784 2196 2804 no-

1232 2839 1314 2867 mine
1327 2836 1426 2874 ipsius
1443 2833 1563 2863 domini
1584 2831 1721 2861 Alatrini
1744 2830 1905 2867 recipienti
1926 2837 1982 2866 pro
1999 2829 2121 2857 ecclesia
2140 2829 2197 2857 Ro-

1233 2898 1338 2924 mana,
1360 2888 1465 2917 omnia
1474 2887 1552 2923 jura
1568 2892 1727 2921 omnesque
1743 2883 1874 2911 actiones
1892 2882 1996 2915 reales,
2013 2881 2195 2918 personales,

1231 2943 1332 2977 utiles,
1351 2941 1492 2973 directas,
1507 2938 1615 2967 tacitas
1631 2941 1656 2965 et
1673 2943 1836 2973 expressas,
1853 2943 1908 2971 que
1921 2939 1947 2963 et
1963 2942 2038 2970 quas
2053 2934 2197 2961 habemus

1234 2996 1279 3025 vel
1302 2994 1407 3023 habere
1431 2992 1574 3021 videmur
1593 2990 1655 3019 sive
1674 2989 1759 3018 nobis
1779 2992 1950 3025 competunt
1968 2988 1998 3015 in
2022 2991 2118 3015 castro
2139 2986 2197 3014 Mi-
