2392 3571
123 338 179 367 434

165 410 261 436 titum,
280 411 443 430 usurarum
467 401 510 428 rel
526 400 727 427 accessionum
745 407 849 426 eurum
865 398 935 434 [et]¹
951 405 1025 434 pene
1044 396 1124 424 robis

160 466 216 493 pro
237 456 315 483 dicto
338 455 460 482 domino
480 462 558 489 papa
586 457 610 480 et
635 453 698 488 ejus
723 451 942 479 suecessoribus
960 455 990 478 ut
1007 450 1121 484 dictum

162 514 202 537 est
220 508 428 545 procuratorio
450 507 571 534 nominc
591 505 725 533 cedimus
741 509 766 532 et
783 504 968 531 mandamus
983 508 1008 531 et
1024 491 1124 538 eluan-

164 568 225 590 tum
244 561 282 588 ud
307 561 402 596 ipsum
428 559 585 586 dominum
607 558 737 594 pertinet
759 557 930 592 refutamus
949 561 974 584 et
995 561 1028 584 'ut
1053 555 1125 583 utili

160 615 279 652 possitis
299 613 412 640 directa
431 612 549 639 actione
566 610 731 643 intendere,
750 618 799 637 vos
817 610 849 637 in
870 618 899 637 re
917 609 1054 646 predicta
1071 608 1123 636 do-

165 668 243 695 mini
258 675 331 702 pape
347 670 370 692 et
387 664 502 691 ecclesie
520 664 649 691 Romane
661 667 874 699 procuratores
885 662 1026 697 facimus.
1041 661 1125 688 Hanc

161 725 259 747 autem
277 717 500 752 refutatirmem,
523 716 755 748 restitutionem,
769 716 984 743 concessionem
1000 719 1024 742 et
1041 722 1124 741 man-

162 772 278 801 datnm,
299 770 376 798 robis
394 774 424 796 nt
443 769 556 796 dietum
572 772 612 795 est
627 768 760 802 facimus
773 776 828 804 pro
841 768 991 803 octoqinta
1008 767 1125 795 duabus

165 824 274 851 marris
286 823 407 858 argenti
425 827 450 849 et
466 821 598 849 dimidia
613 830 688 857 quas
703 821 796 853 nobis,
815 825 847 848 ut
864 820 978 848 dictum
998 824 1052 852 est,
1068 828 1125 856 pro

161 877 244 903 omni
255 877 328 912 jure
346 879 446 902 nostro
457 874 589 901 duarum
607 874 745 909 partium
761 873 892 909 predicte
907 872 984 900 dotis
998 872 1017 900 C
1033 872 1124 899 libra-

163 938 228 956 rum
249 927 444 955 detuit-iorum
468 926 661 962 papiensium
683 934 739 962 pro
758 925 836 953 dicto
855 925 978 953 domino
996 932 1076 960 papa
1098 928 1124 951 et

162 986 219 1009 tota
242 981 372 1007 Romana
392 979 512 1007 ecelesia
536 983 561 1006 et
583 986 617 1006 ea:
636 979 700 1014 ejus
718 978 861 1014 pecunia,
883 982 917 1005 ut
933 977 1046 1004 dietum
1070 981 1120 1010 est,

157 1033 370 1069 procuratorio
388 1032 509 1059 nomine
525 1031 604 1058 datis
616 1035 704 1066 utque
716 1030 901 1067 persolvitis,
918 1029 1124 1066 producentis

159 1094 209 1113 sixt·
225 1085 310 1113 libris
323 1084 571 1121 proveniensium
588 1088 709 1111 senatus
726 1087 750 1111 et
768 1092 785 1110 v
801 1083 917 1115 solidis,
936 1091 965 1109 eo
979 1081 1057 1118 quod
1073 1081 1123 1109 de·-

162 1139 246 1166 narii
263 1138 420 1174 papienses
435 1136 597 1165 seeundum
616 1141 761 1163 statutam
781 1137 912 1171 formam
931 1144 946 1162 a
965 1134 1124 1171 judicibus

161 1195 184 1218 et
201 1189 439 1217 merc-luttoribus
457 1189 542 1217 L'rbis
555 1197 596 1216 xii
615 1188 736 1216 denarii
752 1196 807 1225 pro
818 1196 900 1215 xxvn
915 1188 1124 1224 proveniensi-

161 1244 212 1271 lnts
233 1243 378 1270 veteribus
396 1250 476 1270 nunc
492 1246 720 1278 computantur,
738 1245 763 1269 et
779 1241 883 1269 habita
902 1238 1123 1278 [pro]porcione

157 1297 402 1334 proveniensium
434 1300 565 1323 veterum
595 1294 634 1322 ad
661 1294 872 1330 provenienses
898 1298 1038 1322 senatus:
1070 1293 1124 1329 qui

160 1358 241 1377 nunc
260 1358 300 1377 x11
325 1349 536 1384 provenienses
561 1352 670 1375 veteres
692 1355 748 1383 pro
773 1355 804 1374 vr
826 1345 1077 1382 proveniensibus
1097 1350 1122 1373 et

160 1402 288 1429 dimidio
312 1405 433 1429 senatus
455 1400 658 1434 canbiantur,
683 1399 763 1427 unde
786 1407 877 1435 usque
897 1399 936 1426 ad
953 1398 1119 1434 predictam

158 1463 309 1482 summam
329 1453 448 1489 arpenti
467 1452 676 1480 eoetenduntur
695 1452 772 1480 dicte
788 1452 844 1479 due
858 1456 959 1488 partes
978 1451 1123 1487 prelibate

159 1507 245 1534 dotis.
268 1507 345 1539 Quas
362 1510 460 1533 autern
480 1506 600 1541 argenti
619 1513 739 1533 marcas
756 1504 840 1532 nobis
856 1504 992 1532 Johanni
1011 1503 1123 1531 Guido-

160 1561 207 1587 nis
228 1568 283 1595 pro
306 1558 459 1587 medietate
479 1562 505 1585 et
527 1557 610 1585 nobis
628 1557 776 1594 predictis
796 1557 946 1592 fratribus
969 1564 1032 1583 una
1053 1564 1122 1583 eum

159 1612 246 1640 dietis
275 1611 444 1639 minoribus
474 1619 529 1646 pro
555 1610 652 1638 altera
675 1609 846 1643 medietate,
880 1608 1016 1637 videlieet
1043 1608 1123 1636 ‘mitti

161 1665 245 1692 Petro
260 1673 313 1700 pro
334 1672 378 1691 me
394 1667 419 1690 et
436 1663 524 1691 dietis
540 1662 747 1699 impuberums
763 1670 892 1698 quorum
912 1665 993 1689 tutor
1005 1670 1085 1694 sum,
1099 1665 1124 1689 et

162 1717 238 1744 mihi
255 1717 338 1744 Petro
351 1716 553 1743 Boneventure
569 1723 638 1743 eum
654 1714 730 1742 dieto
743 1719 856 1751 patruo
868 1718 892 1741 et
906 1718 1045 1742 curatore
1062 1722 1124 1741 meo

157 1777 212 1805 pro
228 1769 364 1805 portione
384 1768 461 1796 mihi
484 1771 661 1804 competente
679 1767 791 1795 decreto
808 1766 1013 1803 predictorum
1033 1766 1124 1802 Judi-

162 1830 227 1849 rum
242 1826 389 1857 (plantum
404 1820 442 1848 ad
452 1821 619 1857 portionem
639 1820 696 1847 mei
710 1820 790 1847 Petri
804 1824 828 1847 et
839 1819 1046 1856 predictorum
1065 1819 1125 1846 im-

159 1874 305 1911 puberum
321 1873 555 1910 pe1·ti)1ct,datis
566 1877 590 1900 ct
602 1872 719 1900 solutis.
737 1872 772 1899 De
784 1872 893 1908 quibus
905 1871 1045 1899 omnibus
1055 1871 1125 1899 etde

161 1928 246 1955 omni
263 1931 363 1954 nostro
372 1926 445 1961 jure
461 1930 609 1961 quttntum
629 1924 667 1952 ud
679 1924 790 1953 dictam
806 1924 902 1952 dotem
912 1924 1044 1960 pertinet
1057 1924 1126 1951 bene

164 1989 214 2008 nos
225 1981 338 2016 quietos
352 1987 492 2007 vocamus
506 1983 530 2006 et
544 1987 602 2006 non
619 1979 712 2006 solute
723 1979 851 2015 pecunie
866 1987 918 2006 seu
934 1986 993 2006 non
1014 1977 1126 2005 reddite

162 2033 238 2061 dotis
255 2032 453 2069 exceptionem
478 2032 509 2059 in
532 2031 671 2059 omnibus
695 2035 720 2059 et
740 2039 795 2067 per
814 2031 920 2059 omnia
940 2031 1124 2065 refutamus.

162 2086 286 2122 Ideoque
302 2085 408 2113 amodo
424 2085 521 2113 dictus
538 2084 679 2112 dominus
698 2093 777 2121 papa
801 2089 825 2112 et
848 2088 908 2112 tota
927 2084 1063 2112 Romana
1079 2091 1126 2111 ec-

162 2138 249 2166 clesia
267 2146 301 2165 ex
317 2137 373 2165 hac
388 2145 477 2165 causa
494 2137 590 2173 quiete
605 2145 720 2173 semper
736 2141 761 2164 et
777 2136 900 2173 pacifice
914 2140 1070 2164 maneant.

203 2191 329 2226 Insuper
346 2189 555 2226 promittimus
571 2189 651 2217 vobis
671 2189 722 2217 lioc
745 2193 883 2217 nostrum
897 2189 951 2225 jus
970 2193 1062 2216 totum
1082 2189 1127 2216 vel

159 2248 274 2280 purtem
295 2243 412 2270 nemini
429 2243 486 2270 alii
507 2243 693 2277 concessisse,
714 2243 857 2278 obligasse
876 2250 928 2270 nec
943 2242 1035 2270 aliter
1049 2242 1126 2270 alie-

163 2305 265 2331 'nasse3
285 2301 310 2324 et
327 2296 353 2323 si
369 2295 546 2331 aliquando,
563 2295 641 2331 quod
657 2295 750 2329 absit,
774 2303 808 2323 ea:
824 2295 880 2323 hac
897 2303 988 2323 causa
1002 2303 1056 2331 per
1072 2294 1127 2322 Pe-

164 2353 245 2376 trum
267 2356 348 2376 nunc
366 2349 529 2384 prefectum
552 2348 597 2375 vel
610 2356 664 2384 per
682 2348 746 2384 ejus
765 2348 878 2383 fratres
892 2356 943 2375 seu
959 2356 1014 2384 per
1029 2348 1126 2376 aliam

163 2401 325 2437 quamlibet
340 2408 499 2437 personam
514 2409 565 2428 sen
581 2400 673 2428 etiarn
688 2409 741 2436 per
756 2401 973 2428 alienationem
991 2409 1040 2429 seu
1054 2409 1127 2429 con-

163 2454 322 2481 cessionem
338 2461 355 2480 a
373 2453 454 2481 nobis
470 2454 581 2488 factam
599 2453 696 2481 [lictus
714 2453 857 2481 dominus
869 2461 951 2490 papa
969 2458 994 2481 et
1011 2462 1127 2482 sncces-

162 2515 240 2534 sores
259 2506 321 2542 ejus
340 2506 382 2534 oet
400 2506 518 2534 ecelesia
536 2506 670 2534 Romana
687 2506 857 2542 dampnum
873 2506 999 2542 aliquod
1012 2506 1128 2543 dejure

161 2559 321 2595 patientur
336 2563 484 2595 quantum
502 2558 541 2585 ad
556 2558 665 2586 dietam
683 2567 836 2587 summam
848 2559 968 2595 argent-i
982 2560 1124 2595 pertinet,

164 2611 274 2647 quanti
289 2611 346 2639 erit
362 2611 532 2647 dampnum
554 2615 671 2639 tantum
698 2612 880 2639 auctoritate
898 2612 1043 2648 propria,
1063 2613 1129 2640 sine

159 2664 244 2700 juris
268 2664 376 2699 offensa
400 2668 425 2691 et
445 2664 577 2700 alicujzts
603 2665 687 2692 curie
709 2665 952 2701 proclamatione
973 2669 998 2693 et
1022 2670 1128 2694 'nostra

165 2716 402 2744 contradictione
413 2739 419 2751 ,
439 2717 471 2744 in
490 2717 599 2744 nostris
616 2717 699 2745 bonis
715 2717 756 2745 eis
770 2717 960 2753 placentibus
970 2718 1044 2754 jure
1058 2718 1128 2754 piy-

166 2769 250 2796 noris
268 2769 438 2803 remlicent,·
456 2774 482 2797 et
497 2770 523 2797 si
541 2770 747 2797 cono-adicere
766 2770 916 2804 volumus,
932 2771 1032 2806 ajure
1051 2770 1130 2807 quod

168 2820 201 2848 in
217 2820 324 2847 eisdem
341 2821 424 2847 bonis
440 2821 614 2848 habebimus
629 2821 775 2849 cadamus
794 2826 820 2849 et
840 2822 942 2858 ipsum
957 2822 1129 2860 dampnum

166 2981 190 3006 1.
206 2980 240 3006 Je
256 2981 374 3015 supploe
389 2984 411 3006 el
428 2981 538 3015 d'aprcs
555 2982 578 3007 le
595 2985 671 3008 texte
687 2989 718 3008 n⁰
734 2982 899 3010 CLXXXI.

668 333 716 361 LE
741 332 882 360 LIBER
907 329 1140 360 CENSUUM
1164 329 1217 358 DE
1242 319 1428 357 L'EGLISE
1452 327 1661 357 ROMAINE.

1246 395 1393 431 dupplum
1419 394 1578 422 emendare
1598 394 1694 422 modis
1717 394 1858 422 omnibus
1881 398 2050 422 teneamur.
2078 394 2218 422 Preterea

1246 456 1296 483 eqo
1313 447 1417 475 Petrus
1434 447 1535 476 Ceneii
1552 447 1585 473 de
1607 447 1688 483 I'apa
1710 446 1806 474 sciens
1826 455 1871 474 me
1890 446 2004 482 leyibns
2022 445 2170 482 adjuvari
2185 453 2219 474 eo

1246 499 1325 536 quod
1336 507 1393 536 pro
1408 499 1525 527 minore
1539 499 1699 534 intercedo,
1719 498 1892 534 illudjuris
1905 499 1952 526 vel
1968 498 2041 534 leyis
2056 498 2217 526 auaeilium

1246 552 1326 588 quod
1337 560 1393 588 pro
1413 560 1458 579 nze
1479 552 1510 579 in
1527 551 1583 580 hac
1599 559 1690 580 causa
1710 551 1919 579 introductum
1937 555 1977 579 est
1993 551 2119 579 omnino
2135 551 2219 586 refu-

1248 609 1327 640 tans,
1346 604 1427 632 vobis
1442 613 1497 640 pro
1518 604 1596 632 dicto
1621 603 1744 632 domino
1762 612 1842 640 papa
1866 608 1892 631 et
1912 604 1977 631 suis
1999 603 2219 631 suecessoribus

1245 658 1390 694 promitto
1410 658 1435 685 si
1459 658 1563 694 aliquo
1588 659 1617 685 in
1646 662 1775 694 tempore
1798 657 1897 685 dictus
1922 656 2065 685 dominus
2087 664 2168 692 papa
2190 659 2219 684 et

1246 719 1426 738 successores
1448 710 1511 746 ejus
1534 710 1577 738 vel
1597 710 1718 738 ecclesia
1738 710 1876 738 Romana
1894 718 1947 747 per
1968 708 2142 745 predictum
2160 708 2217 736 Pe-

1247 767 1328 790 trum
1348 768 1480 798 nepotem
1500 771 1598 790 meum
1617 763 1705 798 cujus
1724 766 1850 790 curator
1871 770 1959 797 sum,
1981 761 2135 790 occasione
2153 760 2217 788 mi-

1246 815 1333 843 noris
1348 815 1435 843 etatis
1452 816 1496 843 vel
1510 815 1572 843 alio
1588 823 1706 851 quoquo
1726 815 1813 843 modo
1833 814 2005 851 dampnum
2021 813 2144 850 aliquid
2158 822 2219 850 pa·-

1246 869 1376 902 cientur,
1395 868 1506 904 quanti
1521 868 1579 896 erit
1601 868 1772 904 dampnum
1789 872 1908 896 tantum
1930 867 1963 895 in
1984 867 2055 895 meis
2076 867 2160 895 bonis
2175 866 2220 894 eis

1244 921 1434 957 placentibus
1455 921 1528 956 jure
1550 921 1692 957 piynoris
1719 919 1887 948 vendicent.
1919 919 2088 948 Novissime
2114 923 2219 947 autem

1245 982 1298 1001 nos
1314 982 1415 1002 omnes
1431 973 1562 1010 predicti
1574 981 1631 1009 pro
1650 973 1733 1001 nobis
1749 977 1775 1001 et
1791 973 1903 1000 nostris
1923 971 2095 1006 heredibus,
2123 976 2149 999 et
2166 979 2220 1008 eqo

1245 1026 1413 1062 spetialiter
1429 1026 1535 1054 Petrus
1556 1034 1610 1063 pro
1637 1034 1682 1053 me
1705 1030 1731 1054 et
1751 1025 1840 1054 dictis
1861 1025 2067 1062 impuberibus
2084 1032 2218 1061 quorum

1247 1084 1328 1106 tutor
1343 1087 1408 1106 sum
1429 1079 1554 1106 tutelari
1572 1079 1671 1114 offitio,
1692 1078 1774 1106 vobis
1786 1086 1843 1114 pro
1859 1077 1938 1105 dicto
1954 1077 2079 1105 domino
2092 1085 2174 1114 papa
2193 1079 2220 1104 et

1245 1132 1308 1159 suis
1323 1131 1543 1159 suecessoribus
1558 1139 1593 1159 ac
1609 1135 1668 1158 tota
1685 1131 1820 1158 Romana
1838 1130 1959 1158 ecclesia
1977 1138 2033 1166 que
2049 1130 2131 1158 dicta
2145 1132 2220 1157 sunt

1245 1185 1350 1212 omnia
1375 1184 1546 1218 observare,
1569 1183 1725 1219 defendere
1747 1188 1773 1211 et
1797 1183 1965 1220 adimplere
1989 1182 2217 1219 promittimus,

1245 1237 1298 1265 sub
1315 1245 1394 1273 pena
1416 1237 1510 1264 tocius
1529 1237 1737 1273 suprascripte
1755 1244 1872 1264 summe
1893 1235 2015 1271 arpenti
2032 1235 2168 1272 duppla;
2191 1238 2219 1262 et

1244 1290 1342 1317 soluta
1356 1290 1488 1326 pecunia
1505 1289 1555 1317 ltec
1571 1289 1691 1317 cartula
1707 1288 1799 1325 firma
1817 1292 2008 1324 permaneat.

1287 1343 1380 1375 Quam
1399 1342 1527 1370 scribere
1542 1341 1649 1378 roya'oi
1662 1341 1831 1377 Iohannem
1846 1341 1949 1368 Leonis
1963 1341 2169 1369 scriniarium
2183 1339 2220 1368 in

1246 1404 1344 1423 mense
1360 1400 1385 1423 et
1405 1395 1571 1426 indictione
1586 1395 1797 1430 suprascripta
1815 1402 1881 1421 xm.

1285 1448 1390 1476 Petrus
1404 1448 1437 1475 de
1457 1447 1563 1476 sencio
1579 1447 1710 1475 viserius
1729 1446 1847 1474 domini
1862 1454 1948 1482 pape,
1971 1446 2062 1473 testis.

1285 1501 1399 1528 Paulus
1417 1500 1634 1536 Malayromus,
1656 1499 1787 1527 viserius
1804 1498 2022 1535 dominipape,
2043 1499 2135 1526 testis.

1283 1553 1437 1581 Jobannes
1455 1552 1592 1589 Greqorii
1608 1561 1625 1580 a
1643 1552 1762 1586 Coliseo,
1785 1552 1876 1579 testis.

1287 1607 1454 1640 molestus,
1474 1607 1565 1634 testis.

1285 1659 1442 1687 Paschalis
1457 1652 1614 1693 cambitor,
1636 1658 1727 1687 testis.

1285 1712 1423 1740 Andreas
1439 1716 1536 1740 custos
1552 1720 1677 1746 camere,
1703 1711 1794 1739 testis.

1286 1764 1590 1800 Leonardusjanitor
1605 1772 1732 1798 camere,
1752 1764 1844 1792 testis.

1287 1817 1516 1845 Bartholomeus
1532 1817 1643 1851 Insule,
1666 1817 1757 1845 testis.

1288 1871 1516 1899 Bartlzolomeus
1532 1871 1670 1907 Peponis,
1692 1870 1783 1898 testis.

1288 1924 1347 1960 Egyo
1374 1923 1527 1952 Joluinnes
1557 1923 1671 1956 Leonis,
1698 1926 1799 1950 sancte
1830 1922 1961 1950 Romane
1991 1922 2111 1950 ecclesie
2139 1922 2222 1950 scri-

1250 1977 1386 2011 niarius,
1410 1977 1521 2004 habens
1541 1979 1714 2012 potestatem
1741 1974 1838 2003 dandi
1863 1979 1974 2002 tutores
2000 1979 2025 2002 et
2051 1978 2220 2008 curatores,

1249 2028 1469 2066 emancipandi
1485 2029 1589 2062 etiam,
1612 2028 1763 2056 decretum
1787 2027 2002 2064 interponendi
2025 2031 2051 2055 et
2070 2027 2222 2056 alimenta

1249 2082 1440 2115 decernendi⁷
1456 2081 1602 2118 complevi
1617 2085 1642 2109 ct
1658 2081 1784 2109 absolvi.

1209 2246 1388 2277 CLXXXI.
1406 2262 1443 2266 ——-
1464 2245 1614 2275 CARTULA
1634 2252 1863 2274 REFUTATloNIS
1886 2253 1923 2273 DE
1948 2252 2044 2272 FAGTO
2061 2251 2222 2272 ctvrrsms

1249 2299 1457 2329 CASTELLANE
1475 2306 1573 2327 FACTE
1590 2308 1608 2326 A
1624 2305 1796 2326 NEPOTmUS
1814 2306 1851 2325 ms
1871 2296 1953 2324 PAPA
1970 2295 2219 2324 TRANSTYffl-:nm

1250 2360 1347 2381 summ
1367 2360 1469 2381 EODEM
1484 2351 1505 2380 ¹.

1290 2458 1327 2486 In
1345 2458 1466 2486 nominc
1482 2456 1616 2490 Domini,
1634 2464 1716 2484 anno
1732 2454 1882 2483 dominice
1902 2453 2129 2482 incarnationis
2146 2453 2222 2481 mit-

1251 2511 1354 2539 lesimo
1379 2511 1537 2538 centesimo
1564 2509 1761 2546 nonagesimo
1790 2509 1820 2537 1'0
1842 2512 1866 2535 et
1892 2515 1975 2535 anno
1998 2507 2073 2535 IIII⁰
2091 2505 2221 2543 pontisi-

1251 2567 1334 2591 eatus
1356 2562 1474 2590 domini
1498 2561 1639 2591 Celcstini
1661 2561 1710 2589 III
1722 2568 1810 2597 pape,
1834 2559 2002 2587 indictione
2023 2558 2102 2593 XIII,
2123 2566 2222 2587 mense

1250 2615 1414 2651 februarii,
1439 2614 1486 2642 die
1514 2614 1576 2643 VII.
1603 2613 1660 2642 Nos
1687 2612 1807 2649 quidem
1833 2612 1987 2640 Johannes
2015 2610 2163 2639 Gnidonis
2187 2610 2222 2638 de

1251 2669 1335 2705 Papa
1348 2676 1405 2706 pro
1421 2667 1562 2704 portione
1580 2666 1663 2695 nobis
1678 2665 1842 2702 subscripte
1858 2664 1902 2692 rei
1918 2667 2107 2700 competente,
2126 2667 2152 2691 ct
2169 2670 2222 2691 nos

1254 2719 1349 2748 Guido
1367 2719 1413 2748 dei
1435 2719 1539 2756 qratia
1560 2718 1644 2747 tituli
1665 2722 1764 2746 sancte
1780 2717 1875 2746 Marie
1892 2715 2120 2753 Transtyberim
2133 2723 2223 2752 pres-

1252 2773 1327 2801 biter
1346 2772 1528 2807 cardinalis,
1546 2772 1664 2805 Petrus,
1684 2771 1837 2799 Romanus
1856 2774 1880 2798 et
1897 2769 2058 2803 Henrieus,
2078 2767 2222 2805 permani

1249 2937 1273 2962 1.
1291 2935 1372 2962 Cette
1386 2937 1466 2971 pibce
1481 2935 1553 2962 n'est
1566 2934 1672 2969 qu’une
1686 2937 1767 2960 autre
1783 2932 1929 2959 re'daction
1947 2931 1980 2957 de
1996 2932 2021 2957 la
2037 2930 2220 2965 precedente,

1212 2992 1283 3011 avec
1298 2985 1349 3011 des
1365 2984 1508 3010 variantes
1523 2982 1750 3010 consido-ables.
