2392 3571
140 335 197 364 556

177 402 287 427 sionem
305 406 331 425 ct
347 398 565 425 concessionem
581 397 647 423 fecit
665 397 738 422 idem
756 396 891 422 dominus
911 395 1004 421 Gnido
1027 394 1144 420 domino

177 451 331 476 carnei-ario
351 448 486 482 predicto,
507 451 534 472 ut
551 446 659 471 dictum
677 450 721 470 est
736 444 882 478 superius,
901 453 950 478 pro
961 452 994 469 eo
1011 443 1086 477 quod
1099 450 1144 468 re-

178 500 284 533 ceperit
301 498 335 523 ab
351 506 384 523 co
397 506 446 530 pro
464 496 553 530 pretio
569 495 624 520 sibi
644 494 715 519 bene
733 493 862 528 placabili
879 492 954 518 inille
966 496 993 517 et
1005 492 1145 517 ducentas

178 547 264 573 libras
281 546 419 571 bonorum
437 547 464 569 et
480 543 613 576 legalium
632 542 866 576 proveniensium
883 543 1013 570 senatus,
1029 539 1063 564 de
1079 538 1145 571 qui-

177 595 231 620 bus
254 602 286 620 se
310 594 380 618 bene
402 593 530 626 quietum
553 595 581 616 ct
602 594 736 624 pag->itum
759 589 882 621 vocavit,
904 588 1066 622 exceptioni
1089 594 1144 612 non

179 648 325 669 numerate
338 646 365 667 et
376 650 430 667 non
444 641 536 666 solute
553 639 608 665 sibi
621 638 743 673 pecunie
756 639 873 663 omnino
891 636 1099 663 renuntiando:
1118 639 1146 661 et

179 693 202 718 si
217 692 280 725 plus
298 691 369 715 valet
386 692 435 715 aut
451 689 568 722 majoris
585 687 667 722 pretii
684 688 731 718 sit,
751 687 865 712 nomine
878 685 1006 710 Romane
1023 683 1144 710 ecclesie

176 741 229 768 sibi
246 741 319 766 inter
336 739 416 764 vivos
432 738 558 763 donavit.
575 736 659 761 Dedit
671 736 765 765 etiam,
779 735 868 761 cessit
883 738 911 760 et
923 734 1068 760 concessit
1081 741 1145 767 pre-

176 790 252 816 fatus
270 788 342 813 civis
359 787 474 812 domino
490 784 645 811 camerario
662 783 806 810 antedicto
829 783 936 809 domini
953 790 1024 817 pape
1047 789 1075 807 et
1095 789 1145 807 ec-

177 839 263 866 clesie
280 838 417 865 Romane,
437 838 467 861 ut
483 834 590 860 [lictum
607 837 660 865 est,
679 832 844 866 recipienti,
863 832 957 858 onmia
969 832 1035 865 jura
1052 834 1079 856 et
1095 838 1145 856 ac-

176 889 270 915 tiones
295 886 378 911 utiles
398 888 426 910 et
446 884 587 913 directas,
613 882 714 908 tacitas
731 887 758 907 et
773 888 936 915 expressaS,
954 879 1103 914 generales
1118 882 1146 905 et

176 936 330 970 speciales,
357 933 446 959 reales
468 936 496 958 et
517 931 699 965 personales,
716 938 772 963 que
789 933 816 955 et
839 937 912 963 quas
932 928 1017 954 habet
1039 931 1066 953 et
1089 927 1145 953 sibi

176 986 345 1018 competunt
362 982 404 1007 vel
420 984 584 1014 competere
606 982 731 1014 possunt
747 981 846 1004 contra
861 984 1064 1010 quamcunque
1082 984 1145 1009 per-

176 1039 276 1059 sonam
294 1032 320 1056 in
337 1033 432 1056 castro
452 1029 525 1055 l’uze
544 1028 672 1062 predicto
694 1030 721 1052 et
737 1027 801 1060 ejus
817 1024 977 1055 territorio,
999 1024 1146 1058 pertinen-

177 1082 233 1111 tiis,
252 1078 447 1113 emptionibus
463 1082 491 1103 et
505 1076 666 1110 acquisitis,
685 1079 715 1101 ut
726 1075 801 1100 sicut
817 1074 879 1108 ipsc
895 1074 967 1099 civis
982 1080 1078 1106 agere,
1095 1081 1146 1098 ex-

177 1130 271 1163 cipere
297 1131 325 1153 et
349 1130 446 1161 petere
472 1125 579 1160 potuit,
605 1125 648 1150 sic
673 1124 734 1158 ipsa
765 1123 894 1149 Romana
916 1121 1038 1148 ecclesia
1061 1125 1144 1154 agat,

176 1177 311 1211 excipiat,
336 1179 412 1209 petat
433 1178 461 1200 et
481 1173 565 1200 faciat
586 1172 722 1206 quicquid
743 1170 866 1197 voluerit
888 1170 976 1196 libere
998 1170 1025 1196 in
1043 1177 1146 1203 perpe-

178 1230 259 1252 tuum
270 1234 275 1255 3
287 1228 315 1251 et
326 1224 360 1250 ab
372 1222 509 1249 hodierna
523 1222 567 1247 die
582 1222 610 1247 in
625 1224 707 1247 antea
719 1222 888 1254 potestatem
899 1219 1001 1244 habeat
1012 1218 1147 1244 dominus

177 1272 353 1301 camerarius
377 1270 540 1297 antedictus
565 1269 687 1295 ecclesie
713 1268 841 1294 Romane
866 1267 980 1292 nomine
1005 1266 1147 1300 prefatum

177 1325 303 1349 castrum
320 1328 385 1346 cum
407 1320 470 1345 suis
491 1317 690 1352 pertinentiis,
711 1320 740 1341 ut
759 1316 867 1342 dictum
884 1318 944 1345 est,
963 1314 1085 1344 intrare,
1104 1316 1146 1339 te-

176 1379 261 1402 nere,
279 1370 333 1400 uti,
351 1368 468 1403 perfrui,
487 1366 645 1401 possidere,
670 1365 793 1390 vendere
805 1385 811 1397 ,
833 1364 951 1394 donare,
971 1365 1144 1397 permutare,

176 1419 285 1448 locare,
310 1416 456 1443 infeudare
472 1418 499 1441 et
516 1415 608 1440 facere
630 1413 764 1447 quicquid
787 1413 841 1438 sibi
860 1412 999 1446 placuerit
1015 1411 1102 1437 libere
1118 1411 1145 1436 in

176 1470 357 1501 perpetuum.
378 1464 552 1490 Promittens
565 1463 637 1488 civis
654 1462 872 1496 prenominatus
887 1460 1003 1485 domino
1019 1467 1146 1485 camera-

176 1515 217 1541 rio
240 1513 405 1547 supradicto
427 1512 549 1538 ecclesie
567 1511 697 1536 Romane
709 1530 715 1540 ‚
741 1513 771 1535 ut
787 1509 893 1535 dictum
911 1512 965 1539 est,
984 1507 1145 1541 recipienti,

178 1564 316 1598 prefatum
339 1566 465 1587 castrum
487 1568 551 1585 cum
574 1559 709 1584 omnibus
733 1556 908 1590 supradictis
935 1559 963 1581 et
981 1556 1031 1589 jus
1049 1559 1077 1581 et
1097 1563 1146 1581 ac-

177 1612 270 1638 tiones
287 1610 383 1644 quein
404 1609 474 1642 ipsis
490 1607 590 1632 habuit
609 1615 640 1632 se
665 1605 733 1631 nulli
757 1605 804 1631 alii
825 1605 950 1637 dedisse,
968 1603 1146 1634 vendidisse,

175 1659 315 1691 donasse,
330 1657 472 1687 cessisse,
490 1655 634 1689 obligasse
655 1657 683 1680 et
698 1654 892 1684 concessisse,
911 1652 953 1678 vel
970 1653 1093 1685 aliquem
1110 1659 1144 1677 ex

175 1708 247 1742 ipsis
265 1707 349 1732 alicui
361 1708 540 1732 contractum
558 1704 672 1729 fecisse.
686 1702 767 1734 Quod
786 1703 810 1727 si
827 1702 991 1736 apparuerit
1002 1709 1034 1726 se
1046 1704 1145 1726 contra

176 1756 291 1786 fecisse,
314 1759 341 1781 ct
363 1755 425 1788 ipsa
453 1753 580 1778 Romana
605 1751 738 1782 ecclesia,
761 1751 804 1776 vel
826 1750 866 1776 illi
886 1750 992 1784 quibus
1017 1749 1146 1775 Romana

176 1805 297 1832 ecclesia
314 1803 472 1829 vendiderit
489 1805 537 1828 aut
552 1801 740 1832 concesserit,
759 1801 785 1825 in
803 1799 924 1832 dampna
941 1799 1034 1832 aliqua
1051 1801 1079 1824 et
1095 1806 1146 1824 ex-

176 1861 281 1889 pensas
297 1852 466 1878 devenerint
490 1850 603 1875 nomine
625 1848 791 1883 principalis
813 1847 997 1881 obligationis
1020 1849 1049 1872 ct
1072 1846 1146 1872 bone

175 1901 383 1936 fidejussionis,
402 1900 462 1934 ipsa
478 1898 600 1932 dampna
616 1898 711 1923 omnia
724 1900 752 1922 et
768 1904 912 1930 expensas
930 1895 1057 1929 prefatus
1073 1894 1147 1920 civis

179 1950 296 1977 reddere
312 1957 345 1975 ac
362 1948 514 1974 restituere
534 1945 665 1980 promisit
682 1945 802 1971 eisdem.
820 1943 874 1969 Pro
890 1944 997 1978 quibus
1013 1943 1147 1977 dampnis

177 2003 205 2025 et
220 1998 356 2033 expensis
372 2004 403 2022 se
420 1999 448 2021 et
463 1996 558 2021 onmia
575 1995 648 2020 bona
665 2002 717 2019 sua
735 1993 849 2019 mobilia
861 1996 889 2018 et
901 1991 1065 2020 immobilia.
1083 2000 1146 2025 pre-

178 2047 271 2074 sentia
290 2050 318 2072 et
339 2046 451 2078 sutura,
473 2044 565 2069 eidem
588 2043 704 2069 domino
724 2042 881 2067 camerario
904 2040 998 2066 dictus
1017 2040 1090 2066 civis
1112 2040 1145 2066 ad

178 2103 298 2131 presens
324 2098 438 2128 propter
463 2093 515 2118 boc
542 2091 703 2125 specialiter
729 2089 880 2123 obligavit,
907 2089 1089 2115 constituens
1115 2096 1146 2114 se

177 2144 303 2180 predicta
319 2143 414 2169 omnia
430 2142 504 2167 bona
520 2149 572 2166 sua
588 2140 711 2166 ecclesie
724 2138 855 2164 Romane
868 2138 992 2170 nomine,
1005 2140 1145 2171 quantum

177 2193 210 2220 ad
228 2193 296 2222 boc,
320 2190 448 2226 precario
470 2189 627 2224 possidere.
649 2187 684 2213 Et
701 2188 728 2213 in
745 2187 802 2212 hiis
823 2186 958 2212 omnibus
977 2190 1005 2211 et
1022 2185 1146 2219 singulis

177 2240 353 2276 supradictis
370 2238 543 2265 renuntiavit
564 2236 690 2270 prefatus
711 2235 846 2261 dominus
869 2233 964 2260 Gnido
982 2232 1146 2268 exceptioni

178 2299 262 2326 quam
282 2289 376 2323 aliquo
397 2291 524 2320 tempore
547 2284 642 2310 dicere
665 2288 763 2317 posset
788 2291 819 2308 se
842 2282 1030 2317 possessione
1052 2282 1146 2315 ipsius

176 2338 263 2366 castri
279 2345 343 2363 esse
366 2334 519 2369 spoliatum
535 2336 686 2366 antequam
703 2331 798 2364 ipsum
822 2338 889 2356 cum
912 2331 974 2356 suis
998 2329 1146 2364 pertinen-

177 2388 225 2414 tiis
242 2385 428 2413 vendidisset,
446 2386 474 2408 et
484 2381 561 2407 omni
575 2380 624 2406 alii
637 2379 712 2414 juris
724 2378 831 2405 auxilio
845 2381 902 2404 tam
916 2377 1047 2404 canonici
1059 2385 1146 2411 quam

177 2435 287 2465 civilis,
308 2437 336 2459 et
353 2431 493 2458 beneficio
510 2430 566 2455 sibi
589 2436 665 2454 nunc
685 2426 860 2461 competenti
881 2426 925 2452 vel
947 2426 974 2452 in
996 2428 1145 2460 posterum

177 2483 377 2517 competitura
396 2478 480 2505 Dedit
496 2478 581 2503 etiam
598 2480 626 2502 et
641 2475 801 2509 assignavit
818 2474 1036 2508 prenominatus
1052 2472 1146 2499 domi-

178 2540 232 2558 nus
254 2529 349 2557 Guido
371 2527 463 2554 eidem
486 2526 601 2551 domino
623 2523 780 2550 camerario
796 2524 1022 2549 instrumentum
1045 2523 1147 2549 vendi-

177 2581 265 2608 tionis
281 2579 353 2605 facte
375 2576 430 2603 sibi
446 2584 462 2601 a
476 2574 609 2600 Johanne
630 2572 758 2598 Albinini
777 2572 811 2597 de
828 2570 930 2598 Carbio
953 2575 981 2597 et
999 2580 1015 2597 a
1035 2571 1145 2598 Radul—

178 2629 253 2655 fucio
270 2626 347 2652 Petri
364 2625 397 2650 de
415 2623 561 2650 Gualterio
578 2622 611 2647 de
629 2624 728 2647 octava
745 2624 824 2655 parte
841 2620 928 2646 castri
942 2620 1064 2654 predicti
1079 2628 1146 2646 cum

177 2677 239 2703 suis
263 2673 453 2710 pertinentiis,
471 2672 498 2697 in
515 2679 571 2705 quo
592 2670 777 2696 continentur
797 2668 854 2694 duo
878 2669 931 2694 alia
955 2668 1148 2696 instrumenta

178 2723 387 2754 concessionis,
403 2718 628 2746 confirmationis
645 2721 672 2744 et
690 2717 880 2750 refutationis7
898 2717 1037 2743 factarum
1053 2717 1147 2743 eidem

179 2772 294 2798 domino
315 2769 440 2796 Guidoni
461 2776 476 2793 a
498 2767 656 2792 Somarone
680 2765 818 2792 Gualtcrii
843 2765 878 2791 de
904 2764 1006 2791 Carbio
1028 2768 1056 2791 et
1077 2765 1144 2792 Gar-

180 2821 241 2847 silia
263 2826 350 2845 uxore
377 2816 477 2851 prefati
499 2815 642 2840 «lobannis
667 2814 815 2847 Albiuini3
843 2817 871 2839 et
897 2813 1040 2847 quoddam
1070 2813 1147 2840 aliud

179 2869 403 2893 instrumentum
420 2863 593 2889 venditionis
608 2863 680 2888 facte
698 2862 751 2895 ipsi
767 2862 883 2887 domino
900 2861 1026 2888 Guidoni
1042 2870 1058 2887 a
1075 2862 1148 2896 Ray·

181 2915 263 2941 naldo
279 2918 306 2938 et
325 2912 462 2937 danum-io
478 2911 544 2936 filiis
562 2910 696 2935 Bonifatii
714 2909 748 2935 de
765 2909 866 2935 Carbio
883 2909 916 2935 de
933 2914 996 2935 octo
1018 2910 1147 2944 partibus

182 2971 236 2989 una
257 2961 343 2987 castri
365 2958 553 2992 prenominati
578 2966 644 2983 cuin
669 2966 721 2983 suo
741 2958 884 2983 territorio
905 2961 932 2983 et
950 2958 1101 2992 predictis3
1119 2961 1148 2984 et

687 330 736 358 LE
760 330 903 359 LIBER
927 327 1161 359 CENSUUM
1185 327 1239 356 DE
1263 318 1449 357 L’EGLISE
1474 327 1684 357 ROMAINE.

1262 393 1487 419 instrumentum
1503 392 1579 419 aliud
1602 393 1776 419 venditionis
1792 394 1865 419 facte
1886 393 2012 427 predicto
2029 394 2144 420 domino
2161 394 2234 421 Gui-

1261 441 1329 467 doni
1343 441 1377 467 ab
1393 441 1505 475 Angelo
1523 441 1597 467 Petri
1614 442 1747 468 Gotifridi
1763 442 1797 468 de
1813 442 1914 468 Carbio
1930 451 1996 468 cum
2013 443 2161 477 Raynaldo
2174 443 2233 470 Bo-

1264 489 1353 515 nifatii
1369 494 1501 515 curatore
1517 498 1570 516 suo
1591 494 1618 516 et
1634 498 1700 516 cum
1718 489 1889 516 Florinanna
1905 494 1994 517 matre
2011 499 2063 517 sua
2079 492 2113 517 de
2133 495 2233 518 octava

1262 542 1342 572 parte
1355 538 1442 564 totius
1456 538 1542 564 castri
1559 537 1633 564 Puze
1652 538 1771 573 predicti
1785 546 1851 564 cum
1868 547 1922 565 suo
1938 539 2080 566 territorio
2097 543 2125 566 et
2140 541 2234 566 omni-

1263 586 1318 612 bus
1333 586 1524 621 supradictis,
1539 591 1566 613 et
1582 587 1807 613 instrumentum
1826 587 1902 614 aliud
1914 588 2114 614 concessionis
2125 592 2153 614 et
2164 596 2233 615 con-

1261 635 1433 661 firmationis
1450 635 1524 661 facte
1541 636 1595 669 ipsi
1617 635 1732 661 domino
1753 635 1879 662 Guidoni
1896 644 1911 661 a
1926 635 2008 662 Tubo
2025 636 2082 662 filio
2098 635 2233 663 Bonifatii

1262 682 1297 708 de
1310 682 1421 714 Carbio,
1440 683 1474 708 de
1489 683 1642 709 donatione
1657 687 1685 709 et
1700 683 1863 709 venditione
1880 684 1936 709 sibi
1952 684 2026 710 sacta
2042 684 2076 710 de
2089 688 2167 718 parte
2179 692 2230 711 sua

1262 733 1347 758 castri
1371 731 1447 757 Puze
1469 736 1496 758 et
1518 734 1583 766 ejus
1604 732 1746 758 territorio
1763 741 1777 757 a
1794 732 1942 766 Raynaldo
1966 736 1994 758 et
2014 732 2152 759 Januario
2173 733 2231 759 fra-

1262 781 1355 807 tribus
1371 781 1442 807 suis.
1461 780 1522 812 Que
1539 782 1729 806 instrumenta
1753 780 1880 814 predicta
1903 782 1998 807 omnia
2019 781 2149 807 confecta
2166 784 2235 808 sunt

1262 837 1312 863 per
1335 828 1529 854 Christianum
1553 829 1736 855 scriniarium
1755 828 1789 854 de
1807 828 1933 856 Sabinia.
1952 829 2122 863 Assignavit
2138 830 2233 863 itaque

1262 878 1357 904 dictus
1379 877 1514 903 dominus
1532 877 1626 903 Guido
1644 877 1759 903 domino
1776 878 1932 904 camerario
1950 882 2106 904 memorato
2124 878 2234 904 instru-

1263 929 1391 952 mentum
1409 926 1639 956 renuntiationis,
1654 927 1719 959 jure
1735 925 1888 952 divisionis
1899 929 1926 952 et
1942 926 2234 959 cambii,c0ncessio-

1263 973 1308 1000 nis
1332 976 1361 999 et
1382 973 1618 1004 confirmationis,
1644 973 1718 999 facte
1741 973 1795 999 sibi
1815 973 1850 998 de
1870 977 1965 1000 castro
1983 973 2111 1008 predicto
2127 977 2155 999 et
2169 974 2234 1007 ejus

1263 1022 1408 1049 territorio
1427 1031 1443 1048 a
1462 1021 1571 1048 Jacobo
1591 1022 1668 1048 Petri
1684 1022 1833 1048 Octaviani
1851 1030 1900 1056 pro
1917 1030 1948 1048 se
1964 1025 1992 1048 et
2013 1021 2131 1048 Tetaldo
2148 1022 2233 1048 fratre

1262 1079 1317 1097 suo
1333 1074 1362 1097 et
1376 1070 1496 1097 Odolina
1514 1079 1602 1096 uxore
1622 1070 1766 1104 quondam
1785 1069 1861 1096 Petri
1875 1069 2024 1097 Octaviani
2042 1071 2145 1096 tutrice
2160 1070 2234 1096 filio-

1265 1128 1327 1145 rum
1352 1127 1471 1145 suorum
1497 1122 1525 1145 et
1544 1119 1667 1145 filiorum
1692 1119 1785 1153 ipsius
1808 1117 1885 1144 Petri
1906 1118 2071 1149 Octaviani,
2093 1118 2187 1152 Egidii
2206 1121 2235 1145 et

1263 1167 1422 1200 Laurentii,
1433 1171 1462 1194 et
1475 1176 1490 1194 a
1505 1167 1615 1193 Jacoba
1626 1167 1682 1193 filia
1694 1166 1771 1192 Petri
1784 1167 1948 1199 Octaviani;
1963 1171 1990 1193 et
2002 1166 2145 1201 quoddam
2157 1166 2235 1192 aliud

1263 1217 1489 1243 instrumentum
1506 1216 1738 1248 renuntiationis,
1752 1217 1819 1250 jure
1830 1215 1984 1242 divisionis
1996 1219 2024 1241 et
2035 1215 2150 1249 cambii,
2164 1223 2234 1242 con-

1263 1265 1407 1291 cessionis
1430 1268 1458 1291 et
1481 1263 1722 1295 confirmationis,
1740 1264 1813 1290 facte
1830 1263 1885 1298 ipsi
1908 1263 2023 1289 domino
2048 1263 2174 1290 Guidoni
2199 1263 2234 1289 de

1262 1317 1358 1340 castro
1371 1313 1471 1339 eodem
1489 1317 1516 1338 et
1529 1312 1660 1346 ejusdem
1678 1312 1824 1338 territorio
1840 1320 1856 1338 a
1870 1311 1988 1338 Tetaldo
2005 1312 2063 1338 filio
2081 1311 2157 1338 Petri
2173 1311 2233 1338 Oc-

1262 1361 1379 1395 taviani,
1396 1369 1452 1395 que
1473 1360 1530 1386 duo
1547 1361 1739 1386 instrumenta
1755 1360 1887 1386 confecta
1903 1363 1972 1386 sunt
1995 1368 2046 1394 per
2065 1358 2232 1385 Donadeum

1261 1409 1356 1443 Egidii
1381 1409 1563 1435 scriniarium
1580 1408 1614 1434 de
1632 1407 1774 1434 Malliano.
1793 1407 1827 1433 Et
1842 1408 2067 1433 instrumentum
2082 1408 2235 1434 locationis

1262 1460 1291 1483 et
1306 1457 1508 1483 concessionis
1524 1456 1596 1482 facte
1613 1456 1728 1481 domino
1746 1455 1871 1481 Guidoni
1889 1455 2016 1489 predicto
2032 1455 2066 1481 de
2081 1455 2232 1481 duodecim

1261 1505 1392 1539 partibus
1410 1513 1466 1530 una
1485 1505 1573 1530 castri
1596 1504 1670 1529 Puze
1689 1503 1806 1537 predicti
1828 1508 1855 1529 et
1873 1505 1938 1537 ejus
1954 1505 2098 1529 territorio
2115 1512 2130 1529 a
2145 1503 2234 1530 Tosto

1262 1553 1505 1587 archipresbitero
1522 1552 1662 1586 episcopii
1675 1555 1703 1578 et
1715 1551 1887 1578 vicedomini
1902 1559 1968 1578 cum
1980 1560 2126 1579 consensu
2140 1555 2168 1578 et
2184 1560 2234 1578 vo·

1262 1601 1371 1627 luntate
1387 1601 1481 1635 ipsius
1497 1600 1618 1627 ecclesie
1635 1600 1858 1633 canonicorum;
1877 1603 1905 1626 et
1918 1600 2145 1626 instrumentum
2156 1600 2234 1626 aliud

1263 1649 1438 1676 venditionis
1462 1653 1490 1675 et
1513 1649 1714 1675 concessionis
1737 1648 1812 1674 facte
1835 1648 1891 1682 ipsi
1913 1648 2029 1674 domino
2051 1647 2176 1674 Guidoni
2198 1647 2234 1674 de

1263 1698 1416 1724 medietate
1434 1697 1519 1723 unius
1537 1697 1610 1731 petie
1627 1700 1702 1722 terre
1713 1701 1741 1722 et
1752 1700 1852 1730 quarte
1865 1697 1953 1730 partis
1969 1697 2056 1722 unius
2073 1697 2233 1731 cannapine

1262 1750 1291 1773 et.
1310 1749 1411 1781 quarte
1435 1746 1523 1780 partis
1547 1745 1632 1772 unius
1656 1745 1774 1771 casalini
1797 1745 1882 1779 positi
1908 1745 1936 1770 in
1960 1745 2062 1771 eodem
2088 1748 2182 1771 castro
2206 1748 2235 1771 et

1261 1796 1328 1829 ejus
1344 1794 1488 1821 territorio
1505 1802 1521 1819 a
1535 1793 1668 1819 Jolianne
1682 1793 1792 1819 Aliotti.
1811 1793 1873 1825 Que
1889 1793 1945 1819 duo
1958 1793 2150 1819 instrumenta
2165 1801 2234 1819 con-

1262 1844 1335 1870 fecta
1351 1847 1420 1869 sunt
1437 1851 1486 1877 per
1504 1841 1619 1868 Petrum
1636 1842 1671 1867 de
1685 1841 1791 1868 Sancto
1810 1841 1878 1867 Polo
1894 1841 2057 1867 scriniario.
2074 1841 2109 1867 Et
2124 1841 2234 1867 instru—

1262 1895 1391 1918 mentum
1417 1891 1644 1917 confirmationis
1670 1894 1697 1915 et
1721 1889 1965 1916 corroborationis
1990 1890 2064 1915 facte
2087 1898 2102 1915 a
2125 1889 2235 1916 Jacoba

1261 1940 1318 1967 filia
1336 1940 1413 1966 Petri
1429 1939 1579 1966 Octaviani
1595 1938 1629 1964 de
1649 1938 1861 1972 compromisso
1882 1938 1956 1964 facto
1979 1938 2006 1964 in
2030 1938 2164 1964 manibus
2183 1937 2234 1963 do-

1263 1989 1332 2014 mini
1348 1987 1478 2021 Jaquinti
1494 1988 1528 2012 de
1544 1986 1647 2019 Tosto,
1669 1995 1684 2012 a
1702 1986 1816 2012 domina
1832 1985 1953 2012 Odolina
1969 1990 2058 2012 matre
2074 1994 2126 2012 sua
2142 1990 2169 2012 et
2185 1988 2234 2012 tu-

1262 2038 1333 2065 trice
1349 2037 1473 2063 filiorum
1491 2044 1609 2062 suorum
1626 2040 1654 2062 ct
1670 2035 1794 2062 filiorum
1810 2034 1954 2069 quondam
1973 2034 2065 2069 ipsius
2082 2034 2159 2061 Petri
2175 2033 2232 2060 Oc-

1262 2086 1380 2118 taviani,
1396 2084 1490 2119 Egidii
1508 2083 1583 2110 Petri
1599 2083 1750 2110 Octaviani
1766 2086 1794 2109 et
1811 2083 1972 2113 Laurentii,
1990 2091 2040 2117 per
2056 2082 2234 2117 Raynerium

1262 2134 1446 2161 scriniarium
1463 2134 1586 2163 factum,
1605 2136 1634 2159 et
1646 2132 1722 2158 aliud
1737 2133 1961 2159 instrumentum
1977 2140 2064 2166 super
2077 2131 2234 2165 depositio-

1263 2183 1350 2209 nibus
1363 2183 1481 2208 testium
1500 2190 1549 2216 per
1563 2181 1725 2207 ,Iohannem
1742 2180 1918 2207 Grabaldum
1930 2179 2059 2214 judicem
2072 2182 2099 2205 et
2113 2178 2234 2205 scrinia-

1263 2233 1336 2258 rium
1351 2231 1532 2262 confectum;
1548 2233 1577 2256 et
1590 2231 1815 2257 instrumentum
1831 2228 2027 2256 investimenti
2041 2228 2098 2254 dati
2113 2228 2167 2262 ipsi
2181 2227 2234 2253 do-

1262 2281 1339 2306 mino
1351 2279 1477 2306 Guidoni
1492 2288 1542 2314 per
1553 2279 1716 2305 Johannem
1730 2278 1835 2304 Matbei
1848 2277 1994 2304 Brancatii
2006 2277 2040 2302 de
2052 2276 2234 2310 Stimilgiano

1261 2329 1296 2355 de
1314 2332 1391 2364 parte
1413 2328 1556 2362 Raynucii
1578 2326 1726 2353 Fraucisci
1748 2329 1776 2353 et
1796 2327 1926 2360 portione
1949 2325 2025 2352 Petri
2050 2325 2163 2359 nepotis
2186 2323 2234 2351 suii

1261 2385 1347 2412 quam
1364 2376 1505 2403 habebant
1521 2376 1547 2401 in
1564 2379 1659 2401 castro
1676 2374 1751 2401 Puze
1769 2374 1907 2409 predicto,
1920 2377 1948 2400 et
1962 2374 2044 2400 vinea
2056 2372 2232 2403 eorundem;

1261 2425 1338 2460 quod
1364 2426 1588 2451 instrumentum
1615 2423 1778 2449 confectum
1807 2426 1852 2448 est
1879 2430 1929 2456 per
1954 2429 2058 2448 manus
2080 2420 2234 2455 cujusdam

1262 2472 1405 2500 scriniarii
1424 2472 1458 2498 de
1474 2471 1600 2498 Sabinia.
1621 2470 1656 2496 Et
1677 2470 1820 2504 quoddam
1839 2469 1914 2496 aliud
1938 2470 2164 2496 instrumentum
2181 2477 2233 2495 no-

1262 2522 1339 2548 mine
1354 2520 1559 2547 transactionis
1574 2522 1602 2545 et
1618 2518 1800 2544 refutationis
1815 2518 1888 2544 facte
1904 2518 1959 2552 ipsi
1975 2517 2091 2544 domino
2105 2517 2236 2544 Guidoni

1263 2571 1339 2597 sicut
1355 2568 1504 2605 principali
1526 2571 1553 2594 et
1574 2566 1749 2601 quibusdam
1765 2567 1829 2593 aliis
1845 2575 1933 2601 super
1951 2575 2045 2593 cccvni
2066 2566 2147 2592 libris
2167 2573 2235 2601 pro-

1262 2617 1454 2650 veniensium,
1467 2616 1630 2642 confectum
1643 2623 1693 2650 per
1707 2614 1904 2641 Christianum
1917 2615 2094 2641 antedictum
2107 2623 2112 2646 ;
2128 2617 2156 2641 et
2171 2614 2234 2641 ius-

1263 2670 1439 2694 trumeutum
1454 2665 1530 2692 aliud
1548 2664 1722 2690 venditionis
1739 2664 1811 2690 facte
1826 2664 1942 2689 domino
1960 2663 2087 2690 Guidoni
2103 2662 2234 2697 predicto

1262 2725 1278 2742 a
1293 2714 1456 2750 Raynucio,
1475 2713 1630 2739 Francisco
1651 2716 1678 2738 et
1699 2712 1785 2738 Petro
1809 2714 1913 2747 nepote
1936 2719 2002 2743 suo,
2026 2711 2061 2738 de
2079 2714 2138 2738 toto
2158 2710 2236 2746 quod

1262 2763 1405 2790 habebant
1427 2762 1455 2788 in
1473 2765 1567 2788 castro
1586 2760 1661 2787 Puze
1683 2760 1811 2795 predicto
1832 2763 1860 2786 et
1881 2761 1946 2794 ejus
1968 2759 2127 2794 territorio,
2148 2763 2177 2786 et
2200 2759 2235 2786 de

1262 2811 1347 2846 podio
1368 2815 1432 2837 ante
1450 2811 1545 2844 ipsum
1561 2813 1689 2835 castrum
1713 2812 1741 2834 et
1764 2809 1846 2834 vinea
1871 2808 2044 2839 eorundem,
2070 2808 2233 2834 confectum

1263 2867 1313 2895 per
1337 2853 1454 2885 Petrum
1477 2857 1594 2883 Sabinie
1611 2856 1740 2890 judicem
1764 2859 1792 2882 et
1814 2856 2016 2887 scriniarium;
2040 2859 2068 2882 et
2090 2855 2234 2889 quoddam

1262 2907 1338 2934 aliud
1349 2908 1573 2933 instrumentum
1584 2905 1720 2937 dationis,
1728 2904 1832 2931 cambii
1841 2908 1868 2931 et
1877 2905 2031 2937 cessionis,
2041 2904 2115 2930 facte
2125 2903 2234 2930 Jacobo

1264 2957 1340 2983 Petri
1357 2955 1504 2982 Octaviani
1527 2954 1634 2988 prefato
1656 2958 1685 2980 et
1707 2954 1843 2980 fratribus
1866 2954 1928 2980 suis
1951 2953 1986 2979 de
2009 2957 2067 2979 tota
2089 2957 2163 2979 terra
2182 2960 2235 2979 sua
