2392 3571
140 320 194 349 586
679 314 727 343 LE
751 313 895 342 LIBER
918 311 1151 342 CENSUUM
1174 311 1228 340 DE
1253 302 1437 340 L'EGLISE
1460 310 1670 340 ROMAINE.

213 385 240 409 ln
261 384 372 409 nomine
390 381 518 410 Domini,
541 389 632 406 amen.
660 380 742 405 Anno
764 388 779 404 a
797 379 943 405 nativitate
959 380 1023 412 ejus
1046 377 1136 404 mille-

175 435 246 459 simo
262 431 459 457 ducentesimo
476 429 672 462 octuagesimo
689 428 789 461 primo,
805 428 850 453 die
864 426 947 453 ΥΙΙΙΙ
965 427 1072 452 mensis
1088 433 1137 451 oc-

176 482 266 507 tubris
287 480 394 505 decime
416 477 594 509 indictionis,
616 477 785 502 venerabilis
802 476 844 502 vir
859 476 994 502 dominus
1018 474 1135 507 Petrus,

176 531 271 556 dictus
287 530 475 555 SarracenuS,
493 526 600 551 domini
619 533 687 560 pape
704 525 868 558 capellanus
879 528 907 550 et
925 524 1052 555 nuntius,
1069 531 1137 548 con-

174 582 291 613 gregato
309 576 481 610 parianu-nto
500 575 525 600 in
544 574 642 607 majori
663 573 784 599 ecclesia
800 576 899 599 sancte
918 572 1004 598 Mai-ie
1025 571 1058 597 dc
1080 570 1136 596 Be-

177 632 294 654 nevento
313 634 378 651 vncc
397 623 527 656 preconia
544 627 570 648 et
589 622 621 647 ad
640 630 743 648 sonum
764 630 900 656 campane
920 626 1087 651 convocato,
1104 620 1138 645 de

177 676 305 703 mandato
323 673 424 699 nobilis
447 673 496 697 viri
518 671 624 696 domini
649 669 820 704 Uguicionis
841 669 953 696 Mai-zoli
977 669 1049 695 civis
1074 668 1137 694 Flo-

176 724 274 751 i·‹·ntini
298 728 323 748 et
350 722 469 747 rectoris
493 721 518 745 in
552 719 666 745 civitate
691 718 891 744 Beneventana
920 726 969 752 per
992 725 1137 743 summum

175 773 334 807 pontificem
352 769 516 800 constituti,
540 767 714 801 presentavit
737 767 840 801 populo
862 766 1063 791 Beneventano
1084 765 1138 790 ibi-

174 822 236 846 ‹lem
254 822 425 852 congregato
437 816 573 850 quasdam
592 816 701 841 litteras
719 815 833 849 papales
851 815 971 841 bullatas
988 822 1051 839 vera
1064 813 1138 839 bulla

176 870 262 905 papali
282 868 411 902 plumbea
428 868 454 892 in
468 866 512 891 filo
523 865 640 899 canapis
654 864 807 899 pendente,
820 872 891 897 quas
909 871 957 897 per
974 862 1138 895 Bonjohan-

175 928 235 945 nem
258 918 292 943 de
315 916 453 942 Florentia
477 915 615 940 notarium
641 914 708 939 dicti
733 913 853 939 rectoris
875 912 900 938 in
922 912 1021 938 eodem
1045 911 1136 945 parla-

175 972 268 993 mento
293 967 364 991 tincto
391 972 415 989 in
434 964 508 989 dicta
532 962 654 988 ecclesia
674 962 830 988 litteraliter
853 965 880 986 et
905 961 1060 994 vulgariter
1083 959 1136 993 legi

175 1018 237 1042 fecit
259 1020 286 1041 et
307 1014 416 1047 «sopiam
443 1014 567 1046 ipsarum
590 1011 692 1036 obtulit
713 1018 743 1035 se
765 1009 830 1035 dare
856 1014 983 1043 paratum
1001 1008 1138 1034 omnibus

173 1065 333 1091 volentibus
350 1063 459 1095 copiam
476 1069 509 1086 ex
527 1060 646 1085 eisdem.
665 1059 792 1091 Quarum
810 1059 966 1084 litterarum
990 1062 1072 1083 tenor
1089 1065 1138 1090 per

172 1115 265 1140 omnia
281 1113 344 1138 talis
361 1115 404 1136 cst
425 1122 428 1136 :

209 1175 220 1185 (ι
241 1162 378 1187 Martinus
395 1160 549 1194 episcopus
570 1166 672 1184 servus
694 1165 842 1183 servorum
867 1155 918 1181 Dei
940 1155 1052 1181 dilectis
1073 1154 1138 1180 filiis

175 1212 276 1247 populo
295 1210 494 1235 Beneventano
511 1207 630 1233 salutem
646 1210 674 1231 et
693 1206 878 1239 apostolicam
897 1205 1138 1230 benedictionem.

173 1261 270 1294 Nuper
293 1266 346 1284 non
370 1258 477 1291 absque
502 1255 622 1289 plurima
646 1254 807 1281 turbatione
828 1253 993 1288 accepimus
1014 1254 1088 1286 quod
1104 1252 1138 1277 ad

171 1309 383 1336 enervationem
403 1304 615 1340 jurisdictionis
639 1306 667 1329 et
686 1303 761 1337 pleni
781 1301 900 1328 dominii
920 1301 995 1336 quod
1017 1300 1140 1327 ecclesia

174 1359 301 1384 Romana
323 1357 347 1381 in
371 1354 451 1382 vobis
472 1357 500 1379 et
522 1352 637 1378 civitate
663 1355 758 1378 vestra
781 1350 886 1377 habere
912 1350 1073 1376 dinoscitur
1095 1350 1140 1375 in-

172 1406 265 1432 debite
281 1404 449 1438 aspiranteS,
467 1404 596 1436 pretextu
614 1399 765 1433 cujusdam
782 1398 903 1431 abusus,
921 1397 969 1431 qui
986 1397 1041 1423 dici
1056 1396 1141 1422 debet

173 1454 272 1480 merito
290 1450 461 1485 corruptela,
481 1448 619 1482 quosdam
642 1456 676 1473 ex
695 1447 778 1473 vobis
793 1445 944 1472 assumitis
964 1446 997 1471 ad
1015 1444 1138 1470 officium

172 1502 348 1531 consulatus,
366 1499 414 1534 qui
437 1498 567 1531 regimini
588 1500 662 1522 terre
681 1504 712 1521 se
734 1495 932 1529 imprudenter
954 1494 1090 1527 ingerunt
1112 1495 1141 1518 et

175 1551 328 1585 quominus
347 1552 439 1574 rector
463 1548 488 1572 in
506 1546 603 1571 eadem
620 1545 735 1571 civitate
757 1553 771 1569 a
789 1543 857 1569 sede
873 1542 1029 1577 apostolica
1046 1541 1139 1576 depu-

175 1605 250 1627 tatus
266 1599 451 1625 commissum
469 1596 523 1622 sibi
539 1595 667 1629 regimen
684 1594 771 1620 libere
788 1593 879 1619 valeat
896 1600 1030 1618 exercere
1046 1591 1140 1617 multi—

174 1650 283 1684 plieiter
298 1646 457 1680 impediunt
473 1649 500 1671 et
517 1643 695 1679 perturbant,
709 1651 764 1669 non
782 1643 844 1668 sine
863 1645 959 1668 nostra
975 1644 1002 1666 et
1018 1639 1140 1666 ecclesie

174 1699 302 1725 Romane
329 1695 477 1721 manifesta
500 1692 620 1727 injuria.
639 1692 718 1726 gravi
734 1691 894 1726 prejudicio
911 1694 939 1716 et
961 1692 1138 1722 contemptu.

174 1748 244 1774 Cum
267 1747 352 1780 igitur
370 1748 465 1770 nostra
481 1743 594 1769 intersit
611 1749 699 1775 super
722 1741 775 1766 boc
794 1740 828 1765 de
849 1744 990 1773 oportuno
1014 1737 1139 1764 remedio

175 1796 333 1831 providere,
359 1801 411 1819 nec
433 1792 553 1817 velimus
569 1790 645 1817 sicut
663 1798 715 1815 nec
732 1789 870 1815 debemus
890 1789 966 1814 circa
982 1787 1139 1812 dominium

175 1844 299 1871 civitatis
316 1842 444 1876 ejusdem
463 1841 566 1866 habere
585 1839 752 1874 participem
770 1837 812 1863 vel
830 1841 1002 1865 consortem,
1024 1837 1141 1861 univer-

175 1898 285 1919 sitatem
304 1896 425 1916 vestram
444 1896 609 1919 monemus,
629 1887 721 1919 vobis,
738 1886 792 1912 sub
815 1894 886 1920 pena
907 1884 1138 1910 excommunica-

175 1943 260 1968 tionis
285 1949 367 1974 spiam
394 1940 419 1965 in
445 1938 577 1972 singulos
597 1936 643 1971 qui
668 1943 765 1962 contra
789 1934 955 1968 hujusmodi
977 1933 1142 1959 mandatum

176 1995 304 2016 nostrum
324 1989 349 2013 in
374 1988 425 2013 hac
447 1991 524 2021 parte
546 1987 642 2011 venire
664 1983 873 2019 presumserint
894 1983 1040 2008 incurrere
1061 1981 1142 2007 volu-

175 2048 239 2065 mus
263 2040 324 2072 ipso
345 2037 429 2069 snt-to,
455 2035 585 2061 districte
608 2033 791 2068 precipiendo
815 2032 984 2058 mandamus
1005 2034 1142 2065 quatinus

176 2087 339 2122 hujusmodi
369 2086 503 2112 consules
533 2092 655 2118 quorum
682 2083 834 2109 occasione
866 2081 1035 2115 plerumque
1065 2079 1141 2106 sedi-

176 2138 260 2163 tionis
285 2135 400 2162 matoria
423 2135 579 2160 suscitatur
602 2133 643 2158 vel
666 2132 776 2165 aliquos
797 2131 868 2157 alios
891 2137 1074 2164 quocumque
1092 2137 1141 2154 no-

177 2188 248 2212 inin«.¹
273 2188 443 2211 censeantur
468 2183 500 2208 ad
517 2181 674 2216 gerendum
697 2181 740 2206 vel
764 2179 954 2206 exercendum
979 2179 1005 2203 in
1028 2179 1142 2203 civitate

178 2240 268 2261 vesti-:1
286 2233 406 2259 officinm
425 2231 592 2257 consulatus
613 2239 662 2256 seu
687 2229 805 2255 alterius
825 2227 1037 2262 jurisdictionis
1058 2235 1141 2253 assu-

179 2294 253 2310 merv
280 2284 320 2308 vel
345 2290 440 2307 creare
458 2281 620 2306 nullatenus
641 2279 831 2314 presumatis,
858 2285 910 2303 nec
932 2276 1091 2310 assumptis
1114 2276 1140 2301 in

178 2333 270 2367 aliquo
287 2331 410 2360 obvtlire,
429 2329 478 2355 sed
497 2329 591 2363 potius
609 2328 710 2354 rectori
732 2327 781 2361 qui
799 2334 875 2352 nunc
892 2329 935 2351 est
951 2326 977 2350 in
994 2325 1055 2359 ipsa
1072 2324 1142 2350 civi·

177 2385 230 2407 tanc
248 2385 274 2405 et
298 2388 346 2414 pro
368 2383 494 2412 tempore
516 2377 599 2403 fuerit
619 2386 634 2402 a
657 2376 725 2402 sede
741 2375 897 2410 apostolica
917 2374 1073 2408 deputatus
1094 2381 1142 2407 pa-

178 2438 238 2455 rere
259 2437 290 2453 :ic
308 2426 452 2453 intendere
469 2426 613 2452 humiliter
632 2423 780 2450 studeatis.
807 2422 868 2448 Nos
891 2425 984 2448 autem
1010 2430 1044 2447 ex
1067 2429 1142 2447 nunc

177 2477 358 2503 decernimus
380 2475 489 2501 irritum
511 2477 537 2499 et
561 2474 644 2499 inane
667 2472 690 2498 si
708 2480 793 2498 secus
816 2480 831 2497 a
848 2471 929 2496 vobis
950 2470 993 2496 vel
1015 2474 1142 2496 vestrum

177 2526 319 2560 aliquibus
340 2532 426 2558 super
449 2523 504 2549 hiis
526 2525 725 2556 attemptatum
744 2525 788 2547 est
808 2520 949 2546 hactenus
970 2520 1013 2545 vel
1030 2520 1056 2545 in
1075 2527 1144 2553 pos-

179 2580 271 2601 terum
297 2573 451 2607 contigerit
476 2571 647 2606 attemptari.
673 2570 777 2596 Datum
807 2569 882 2603 apud
906 2568 1143 2595 Urbemveterem

179 2624 217 2650 ΙΥ
236 2624 299 2650 idus
315 2621 499 2656 septembris,
519 2620 702 2655 pontificatus
718 2619 808 2644 nostri
823 2626 897 2644 anno
915 2618 1016 2652 primo,
1035 2629 1047 2640 υ

214 2674 286 2698 Acta
309 2675 377 2697 sunt
401 2669 527 2705 predicta
551 2668 578 2694 in
608 2668 706 2702 majori
730 2667 852 2694 ecclesia
873 2670 971 2692 sancte
997 2665 1085 2692 Marie
1110 2665 1145 2691 de

181 2722 361 2753 Benevento,
378 2718 504 2754 predicta
525 2717 569 2743 die
590 2717 769 2751 supradicta⁷
792 2716 973 2751 presentibus
995 2714 1144 2741 venerabi-

181 2771 254 2795 libus
265 2768 392 2803 patribus
404 2767 488 2793 fratre
498 2765 615 2792 Nicolao
627 2765 727 2791 abbate
740 2764 902 2791 monasterii
916 2767 1013 2789 sancte
1026 2763 1143 2797 sophie,

181 2819 264 2844 fratrc
288 2817 410 2850 Trojano
433 2815 533 2841 abbate
559 2814 722 2840 monasterii
745 2814 835 2840 sancti
858 2812 998 2844 Modesti,
1016 2817 1044 2838 et
1061 2813 1144 2838 fratre

180 2866 309 2892 Jobannc
336 2866 368 2889 de
393 2863 491 2890 Cicilia
516 2863 616 2889 abbate
641 2863 806 2889 monasterii
831 2862 921 2888 sancti
946 2862 1032 2896 Lupi,
1060 2862 1144 2888 fratre

182 2914 309 2940 baedano
331 2913 364 2938 dc
389 2912 521 2938 Altavilla
546 2911 654 2937 ordinis
678 2911 888 2937 l'redicatorum
910 2912 1001 2944 priore
1026 2911 1144 2936 fratrum

184 2962 405 2991 predicatorum,
425 2960 508 2986 fratre
525 2959 680 2985 Benedicto
697 2960 730 2985 de
745 2959 888 2993 Migniano
901 2959 1009 2985 ordinis
1026 2959 1143 2985 fratrum

1255 377 1397 402 Minorum
1414 381 1442 402 et
1456 376 1612 410 gual-diano
1633 377 1749 403 fratrum
1765 376 1907 402 Minorum
1924 376 1958 402 de
1976 376 2150 408 Benevento,
2168 385 2219 402 no-

1255 425 1302 451 bili
1318 426 1376 451 viro
1392 425 1506 451 domino
1523 424 1705 457 Huguicione
1723 424 1836 451 Marzoli
1853 425 1915 451 cive
1930 424 2091 450 Florentino
2110 428 2219 451 rectore

1256 473 1468 504 Beneventano,
1487 473 1614 507 predicto
1631 473 1745 499 domino
1758 472 1842 499 Petro
1860 472 2089 506 Abbatisjndice
2106 477 2133 498 et
2145 471 2217 498 Bon-

1251 523 1378 556 jobanne
1404 523 1511 549 notario
1535 522 1600 548 dicti
1622 522 1730 548 domini
1755 523 1884 552 rectoris.
1907 521 2004 548 Clucia
2021 521 2055 547 de
2077 520 2220 547 Florentia

1255 577 1426 601 mercatore,
1451 570 1617 602 Ursoleonc,
1639 570 1769 604 Juvene,
1791 570 1945 602 Pandulso,
1967 570 2083 604 Jachie,
2105 569 2219 596 domino

1256 619 1382 645 Roberto
1409 619 1535 646 Masculo
1559 619 1657 651 milite,
1675 624 1703 646 et
1723 619 1822 654 judice
1840 619 1991 646 Laurentio
2015 618 2130 650 Mai-ico,
2148 618 2219 644 civi-

1256 667 1310 694 bus
1328 667 1539 694 Beneventanis
1551 668 1685 694 testibus.

1291 716 1325 742 Et
1349 724 1402 750 ego
1427 716 1540 742 Tndeus
1566 716 1666 743 Jacobi
1690 717 1723 742 de
1749 716 1869 743 Bettona
1889 716 2027 751 imperiali
2049 716 2217 742 auctoritate

1255 766 1382 791 notarius
1396 770 1423 791 et
1439 765 1545 791 domini
1561 765 1736 798 Uguicionis
1752 767 1871 792 rectoris
1888 765 2008 800 predicti
2027 765 2136 795 scriba,
2156 772 2220 799 pre-

1254 815 1407 840 sentationi
1424 815 1562 841 dictarum
1580 815 1752 844 litterarum.
1768 815 1882 841 lectioni
1899 815 2025 848 ipsarum
2044 817 2072 840 et
2087 813 2221 840 omnibus

1254 863 1428 897 supradictis
1446 864 1576 894 interfui,
1592 867 1620 890 et
1636 868 1666 889 ut
1681 872 1768 898 supra
1785 863 1889 897 legitur
1904 863 2007 897 scripsi
2024 867 2051 888 et
2067 862 2219 897 publicavi,

1254 912 1288 937 de
1306 912 1438 938 mandato
1454 912 1560 939 domini
1580 912 1657 939 Petri
1673 912 1811 946 capellani
1828 916 1856 938 et
1873 912 1964 938 nuntii
1980 911 2148 946 supradicti.

1290 960 1350 995 Ego
1377 961 1580 995 Bonjohannes
1604 960 1747 995 quondam
1773 960 1893 995 Galgani
1916 959 2104 987 Boccadebue
2131 960 2222 993 impe-

1255 1010 1315 1036 riali
1340 1011 1509 1036 auctoritate
1534 1010 1662 1036 notai-ius
1685 1014 1713 1036 et
1735 1009 1804 1036 dicti
1825 1009 1944 1035 rectoris
1966 1008 2060 1035 scriba
2077 1008 2219 1042 publicus»,

1255 1058 1391 1092 predictis
1408 1058 1522 1084 interfui
1546 1063 1573 1084 et
1594 1058 1805 1092 suprascriptas
1824 1057 1997 1092 apostolicas
2014 1057 2122 1083 litteras
2143 1065 2223 1082 man-

1254 1107 1319 1133 dato
1335 1107 1492 1142 supradicti
1513 1106 1619 1132 domini
1645 1106 1721 1132 Petri
1741 1106 1890 1132 Sarraceni
1911 1107 1936 1132 in
1954 1105 2030 1131 dicto
2048 1105 2222 1139 pai-lamento

1255 1156 1412 1183 litteraliter
1427 1160 1455 1181 et
1471 1155 1627 1189 vulgariter
1643 1154 1698 1188 legi
1715 1154 1837 1188 ideoque
1853 1153 2025 1188 subscripsi.

1290 1204 1351 1239 Ego
1369 1204 1474 1230 Paulus
1495 1204 1529 1230 de
1555 1203 1643 1230 Reate
1659 1203 1815 1237 apostolica
1831 1203 2003 1229 auctoritate
2027 1206 2055 1228 et
2078 1210 2154 1228 nunc
2175 1209 2223 1228 ca-

1256 1262 1332 1280 mere
1347 1254 1454 1279 domini
1473 1261 1542 1288 pape
1565 1253 1692 1278 notarius
1714 1252 1873 1286 predictum
1895 1252 2118 1278 instrumentum
2141 1254 2224 1284 prout

1255 1303 1283 1329 in
1297 1302 1430 1336 originali
1446 1302 1541 1328 inveni
1558 1301 1592 1327 de
1612 1301 1697 1327 verbo
1712 1300 1747 1326 ad
1766 1301 1885 1327 verbum
1902 1299 2071 1334 transcripsi
2088 1303 2116 1325 et
2131 1299 2224 1326 ascul-

1254 1352 1311 1377 tavi
1336 1350 1470 1381 fideliter,
1497 1350 1524 1376 in
1549 1350 1691 1384 publicam
1714 1350 1835 1376 formam
1857 1349 1954 1382 redegi
1980 1352 2008 1375 et
2030 1348 2147 1382 signum
2166 1347 2220 1374 feci

1254 1399 1329 1434 apud
1357 1398 1642 1425 Montemflasconem
1663 1398 1717 1424 sub
1742 1406 1816 1424 anno
1850 1397 1957 1423 domini
1982 1395 2221 1427 MCCLXXXII,

1254 1448 1410 1475 indictione
1427 1446 1481 1480 XI,
1499 1455 1598 1473 mense
1615 1446 1780 1473 novembris
1797 1445 1887 1472 XXII
1902 1445 1947 1471 die
1963 1446 2096 1478 intrante,
2110 1445 2224 1479 pontifi-

1255 1500 1337 1523 catus
1353 1496 1460 1522 domini
1478 1495 1590 1521 Martini
1609 1503 1680 1530 pape
1696 1494 1753 1521 IIII
1768 1503 1842 1521 anno
1859 1494 1996 1520 secundo.

1225 1651 1423 1685 [CCCXLIHJ.
1441 1666 1472 1670 —
1492 1650 1633 1677 Exaupvrio
1650 1658 1775 1676 aconasiss
1791 1658 1884 1676 SANCTI
1901 1649 2026 1676 HEnAsni
2043 1658 2101 1676 srre
2118 1658 2142 1675 m
2159 1658 2225 1676 'rsa-

1256 1708 1365 1727 m‘roiuo
1381 1709 1473 1726 CASTRI
1489 1699 1576 1733 Casa,
1594 1699 1755 1726 Sectam-Ama
1770 1706 1890 1725 moer-:sis
1905 1702 1923 1725 ¹.

1292 1802 1427 1829 Urbanus
1449 1803 1603 1836 episcopus
1627 1809 1730 1828 servus
1753 1809 1902 1827 servorum
1927 1800 1979 1826 Dei
2000 1801 2033 1826 ad
2058 1804 2225 1835 perpetuam

1257 1852 1296 1877 rei
1314 1851 1491 1876 memoriam.

1293 1899 1352 1925 Etsi
1379 1900 1511 1925 universe
1536 1899 1615 1925 orbis
1638 1899 1759 1925 ecclesie
1782 1898 1937 1932 apostolice
1963 1898 2023 1924 sedi
2048 1906 2103 1932 que
2126 1897 2225 1932 dispo-

1258 1952 1343 1975 nente
1363 1948 1484 1974 Domino
1500 1956 1588 1982 super
1605 1948 1667 1974 illas
1683 1947 1826 1974 ordinarie
1849 1947 2000 1981 potestatis
2022 1947 2131 1973 obtinet
2148 1947 2226 1981 prin-

1258 1998 1383 2031 cipatum
1399 1997 1521 2023 subesse
1539 2000 1704 2028 noscantur,
1722 1997 1832 2031 aliquas
1848 2000 1941 2022 tamen
1962 1996 2105 2022 interdum
2122 1995 2156 2022 de
2173 2004 2226 2022 sue

1257 2047 1438 2072 auctoritatis
1451 2045 1626 2080 plenitudine
1639 2045 1793 2080 specialius
1803 2045 1859 2071 sibi
1870 2045 1978 2078 subdit,
1991 2045 2032 2071 sic
2044 2053 2092 2070 eas
2104 2054 2119 2070 a
2131 2046 2176 2079 cuj
2183 2052 2227 2071 us-

1258 2095 1327 2121 libet
1340 2094 1542 2129 jurisdictione
1559 2102 1678 2129 prorsus
1690 2094 1815 2129 eripiens
1829 2097 1859 2120 ut
1871 2094 1979 2120 nullum
1993 2093 2046 2120 nisi
2064 2093 2225 2120 Romanum

1259 2144 1421 2178 pontificem
1445 2144 1625 2177 superiorem
1651 2146 1680 2169 et
1704 2142 1852 2169 dominum
1876 2145 2096 2176 recognoscant,
2118 2142 2225 2168 consti-

1259 2192 1364 2218 tuendo
1381 2192 1460 2226 ipsas
1476 2192 1598 2226 quodam
1615 2191 1755 2226 singulari
1776 2192 1925 2226 privilegio
1948 2191 2051 2217 liberas
2068 2191 2184 2226 penitus
2199 2194 2228 2217 et

1259 2245 1418 2276 exemptas.
1443 2240 1596 2275 Comperto
1617 2241 1705 2275 igitur
1726 2240 1801 2275 quod
1825 2240 1946 2266 ecclesia
1968 2240 2058 2266 sancti
2083 2239 2225 2273 Hemsmi,

1259 2292 1314 2317 sita
1331 2291 1357 2316 in
1376 2290 1516 2317 territorio
1533 2291 1619 2316 castri
1636 2289 1709 2316 Cese
1726 2289 1878 2324 Spoletane
1895 2289 2030 2322 diocesis,
2047 2290 2132 2323 cujus
2150 2288 2227 2324 prior

1261 2349 1309 2374 per
1324 2340 1400 2366 illius
1417 2346 1555 2373 personas
1576 2339 1643 2372 eligi
1667 2342 1857 2365 consueverat
1878 2342 1905 2364 ct
1927 2347 1975 2372 per
1997 2338 2126 2364 abbatem
2143 2337 2224 2364 Casi-

1259 2389 1358 2415 nensis
1374 2388 1539 2414 monasterii
1554 2388 1602 2422 qui
1619 2391 1663 2414 est
1680 2395 1729 2422 pro
1744 2391 1871 2422 tempore
1883 2387 2055 2418 confirmari,
2072 2386 2227 2421 apostolice

1261 2437 1439 2472 providentie
1457 2437 1547 2471 gratia
1563 2440 1591 2462 et
1606 2436 1701 2462 favore
1721 2436 1874 2470 plurimum
1897 2435 2051 2469 indigebat,
2069 2443 2121 2461 nos
2136 2435 2227 2461 eccle-

1259 2486 1331 2512 siam
1349 2486 1438 2520 ipsam
1455 2494 1520 2511 cum
1537 2485 1672 2511 omnibus
1687 2484 1837 2515 membris,
1857 2485 1958 2517 terris,
1981 2483 2225 2518 possessionibus,

1256 2534 1374 2569 juribus
1396 2538 1424 2560 et
1444 2533 1627 2569 pertinentiis
1643 2533 1723 2567 suis,
1744 2533 1849 2559 dilecto
1866 2532 1922 2558 filio
1941 2531 2071 2567 Philippo
2087 2531 2226 2558 monacho

1259 2583 1328 2610 dicti
1345 2583 1510 2609 monasterii
1527 2586 1595 2608 tunc
1607 2582 1700 2617 priore
1715 2590 1748 2608 ac
1761 2581 1874 2608 clericis
1886 2581 1979 2616 ipsius
1991 2581 2113 2607 ecclesie
2124 2583 2226 2615 sponte

1259 2639 1292 2658 ac
1308 2631 1396 2658 libere
1412 2631 1439 2657 in
1457 2631 1564 2657 nostris
1580 2630 1751 2657 cedentibus
1770 2630 1903 2656 manibus
1923 2630 2057 2656 omnibus
2079 2637 2134 2664 que
2155 2629 2227 2664 ipsis

1260 2681 1288 2706 in
1304 2680 1403 2706 eadem
1421 2680 1542 2706 ecclesia
1558 2679 1770 2714 competebant,
1788 2678 1815 2705 in
1829 2679 1879 2713 jus
1892 2681 1921 2705 et
1933 2678 2136 2713 proprietatem
2153 2677 2228 2703 beati

1262 2861 1286 2888 l.
1303 2852 1434 2894 Orvieto‚
1451 2861 1466 2886 2
1485 2861 1637 2887 novembre
1655 2859 1732 2886 1262.
1755 2875 1790 2879 —
1813 2859 1850 2885 Le
1867 2867 1938 2893 pape
1956 2858 2062 2885 Urbain
2080 2857 2119 2884 IV
2138 2858 2226 2892 prend

1225 2918 1295 2936 sous
1312 2918 1343 2935 sa
1361 2909 1519 2944 protection
1537 2909 1561 2934 le
1580 2909 1692 2943 prieure
1708 2908 1742 2934 de
1758 2907 1975 2934 Saint-Erasme
1988 2929 1994 2938 ,
2012 2908 2076 2941 pres
2094 2906 2127 2932 de
2144 2906 2226 2940 Cesi,

1225 2957 1295 2984 dans
1313 2959 1337 2983 le
1354 2958 1468 2984 diocese
1484 2957 1518 2983 de
1535 2957 1659 2992 Spolete.
