2392 3571
640 355 690 384 LE
714 354 860 385 LIBER
881 352 1115 384 CENSUUM
1139 352 1193 382 DE
1217 344 1404 383 L'EGLISE
1427 354 1635 384 ROMAINE.
2128 358 2190 389 479

127 418 298 451 assignavit,
314 419 426 453 pacavit
441 423 470 446 et
486 419 601 446 tradidit
615 419 739 446 Johanni
755 420 878 446 Miccino
894 420 950 446 civi
968 420 1097 447 Romano

128 466 337 501 quinquaginta
353 467 456 499 libras,
473 467 624 494 duodecim
641 468 765 502 solidos,
782 473 810 495 et
828 472 951 503 quatuor
966 469 1099 495 denarios

129 514 311 542 denariorum
327 519 446 542 senatus
463 516 491 543 in
508 517 631 550 quodam
649 517 765 544 sacculo
781 517 920 551 sigillatas
935 518 996 544 vice
1007 521 1035 543 et
1047 525 1098 543 110-

129 564 205 590 1111110
219 565 385 591 monasterii
401 569 567 592 sanctorum
582 565 686 592 Cosme
701 569 729 592 01.
746 565 877 592 Damiani
895 567 921 592 in
933 565 1098 592 Transtibe-

130 612 233 643 11111,111
247 612 354 646 quibus
365 613 420 639 sibi
437 613 545 640 dictum
561 614 768 640 monasterium
782 614 915 640 extiterat
928 614 1097 647 obligatum,

130 666 157 686 et
180 669 252 695 quas
275 661 331 688 sihi
355 661 463 688 dictum
489 662 695 688 monasterium
717 662 829 688 solvere
851 662 1010 693 tenebatur,
1027 671 1100 696 quas

129 709 214 735 etiam
239 709 375 735 dominus
400 717 471 744 papa
497 718 546 743 pro
572 709 648 736 dicto
671 711 848 736 monasterio
870 709 950 736 reddi
977 710 1100 736 faciebat

129 757 232 784 eidem.
252 757 294 783 De
309 757 416 791 quibus
431 758 492 791 ipse
509 757 658 784 Johannes
676 757 816 784 Miccinus
839 766 888 792 pro
905 759 982 784 omni
1002 758 1099 784 debito

129 814 186 840 quo
209 806 264 832 sibi
288 805 396 832 dictum
423 806 630 832 monasterium
657 807 808 832 tenebatur
832 807 944 833 vocavit
969 815 1000 833 se
1027 806 1099 832 bene

128 855 257 888 quietum
282 857 310 880 ct
333 858 482 888 pacatum,
499 854 663 888 exceptioni
681 862 736 880 non
756 858 904 880 numerate
925 859 952 881 et
976 863 1030 880 non
1048 863 1099 881 so-

129 902 186 928 lute
210 902 332 936 pecunie
356 901 563 928 renunciando.
588 901 623 928 Et
648 910 698 935 pro
724 902 831 936 quibus
855 903 1027 936 generaliter
1049 910 1099 936 pro

128 951 204 976 omni
225 950 322 977 debito
343 958 400 984 quo
420 950 476 977 sibi
499 950 608 977 dictum
632 951 838 979 monasterium
861 950 1012 977 tenebatur
1034 951 1100 976 fecit

128 1007 178 1033 per
200 1007 232 1025 se
257 1007 385 1032 suosque
407 999 529 1025 heredes
551 1002 579 1025 et
602 1007 792 1025 successores
809 999 863 1033 ipsi
880 999 958 1025 fratri
974 998 1099 1025 Johanni

129 1056 180 1082 pro
202 1047 279 1073 <licto
303 1047 478 1073 monasterio
498 1047 650 1082 recipienti
673 1047 784 1081 plenam
809 1047 1030 1079 refutacionem,
1055 1056 1101 1073 re-

131 1096 273 1122 nuncians
301 1104 352 1130 per
378 1104 410 1122 se
439 1103 568 1129 suosque
597 1095 720 1122 heredes
747 1099 776 1122 et
804 1103 993 1122 successores
1023 1096 1101 1121 omni

124 1145 183 1179 juri
206 1149 234 1170 et
256 1145 362 1170 actioni
387 1144 454 1170 reali
479 1148 508 1170 et
532 1144 687 1179 personali,
707 1144 768 1170 utili
785 1148 812 1170 et
831 1144 950 1175 directo,
969 1144 1055 1170 tacito
1072 1148 1101 1171 et

127 1201 278 1228 expresso,
294 1193 369 1228 quod
386 1193 441 1219 sibi
455 1197 555 1219 contra
569 1193 676 1219 dictum
694 1193 901 1219 monasterium
918 1192 1101 1227 competebat

129 1243 172 1269 vol
189 1243 284 1277 aliquo
296 1242 380 1268 modo
391 1246 558 1275 competere
571 1246 670 1282 posset
681 1250 772 1277 super
781 1242 950 1276 premissis3
964 1246 991 1268 et
1004 1242 1100 1268 omnia

130 1292 248 1326 pignora
273 1295 300 1318 et
315 1291 507 1325 obligationes
528 1299 584 1325 que
601 1294 629 1317 et
645 1299 717 1325 quas
738 1299 788 1325 pro
805 1291 861 1317 hiis
880 1290 1011 1322 habebat,
1030 1290 1101 1317 libe-

129 1340 202 1366 ravit
217 1343 246 1366 et
263 1339 426 1374 alblsolvit3
444 1343 471 1365 et
487 1339 583 1365 omnia
595 1339 788 1365 instrumenta
804 1343 832 1365 et
845 1339 1028 1372 probationes
1044 1347 1100 1372 qne

128 1389 225 1423 aliquo
243 1392 372 1422 tempore
388 1388 491 1414 exinde
508 1391 694 1424 apparerent,
714 1396 804 1414 vacua
825 1391 853 1414 et
871 1388 950 1414 irrita
966 1396 1031 1413 esse
1049 1396 1100 1414 vo-

129 1437 192 1463 luit.
216 1436 413 1463 Promittendo
437 1444 487 1471 per
511 1445 542 1462 se
567 1444 695 1470 suosque
718 1435 840 1462 heredes
862 1440 891 1462 et
912 1444 1101 1462 successores

128 1485 183 1512 hec
198 1484 292 1511 omnia
309 1488 368 1511 rata
383 1488 411 1510 et
426 1484 507 1510 firma
523 1492 639 1518 semper
654 1484 768 1515 habere,
782 1487 810 1510 et
823 1487 923 1510 contra
936 1492 989 1510 non
1003 1485 1100 1510 venire

129 1533 224 1568 aliqua
240 1533 391 1559 occasione
407 1533 450 1559 vel
469 1533 655 1567 exceptione.
675 1536 703 1559 et
719 1533 814 1567 ipsum
841 1533 1047 1559 monasterium
1065 1541 1100 1559 ex

130 1580 282 1615 premissis
302 1588 418 1606 servare
439 1580 594 1615 indempne
614 1580 668 1606 sub
693 1588 764 1615 pena
779 1580 858 1614 dupli
874 1580 949 1607 dicte
965 1581 1098 1615 pecunie,

129 1637 185 1664 qua
208 1629 302 1655 soluta
322 1629 398 1655 dicta
421 1629 515 1655 omnia
540 1632 679 1663 perpetuo
701 1629 906 1656 nichilominus
928 1629 1010 1655 firma
1035 1637 1101 1663 pcr-

130 1678 245 1704 sistant.
268 1678 374 1704 Actum
400 1678 428 1703 in
451 1685 532 1703 sacro
557 1677 666 1712 palacio
690 1676 923 1704 Laterananensi.
944 1677 1041 1712 Hujus
1060 1678 1100 1704 rei

130 1726 170 1753 hii
187 1726 277 1760 rogati
294 1726 410 1752 suerunt
424 1729 515 1752 testes
532 1737 537 1752 z
555 1727 693 1760 magister
709 1726 856 1752 Roth-idus
870 1725 970 1753 Uberti
986 1734 1100 1753 camere

129 1774 238 1801 domini
254 1783 325 1808 pape
337 1774 441 1808 judex,
457 1775 595 1808 magister
610 1775 714 1800 Amato
729 1774 837 1800 domini
853 1782 924 1808 pape
941 1774 1098 1805 familiaris,

129 1822 265 1849 dominns
280 1823 419 1848 Albertus
433 1821 576 1848 Johannis
592 1822 698 1856 Apulie
715 1823 798 1848 milex
815 1822 999 1856 Anagffinus,
1015 1821 1101 1848 Wal-

130 1871 221 1897 terius
243 1871 278 1896 110
303 1870 411 1903 civita,
432 1869 581 1896 «Iohannes
603 1870 637 1896 de
663 1869 794 1903 Verulis,
819 1870 921 1896 Petrus
944 1870 978 1896 de
1000 1870 1101 1905 Api-eli

129 1924 158 1946 et
176 1919 279 1945 Petrus
296 1919 412 1952 Georgii
430 1919 561 1952 ejusdem
579 1919 686 1944 domini
705 1927 776 1953 pape
793 1926 938 1950 cursores,
952 1922 979 1945 et
998 1918 1102 1945 Passa-

131 1976 191 1994 rus.
214 1967 248 1994 Et
270 1976 324 2001 ego
347 1967 486 1994 Nicolaus
511 1967 681 1993 Ferentinus
701 1972 800 1993 sancte
820 1967 949 1993 Romane
970 1967 1101 1993 Ecclesie

129 2016 299 2043 scriniarius
316 2016 371 2042 11115
387 2016 504 2042 interfui
521 2019 549 2041 et
567 2019 685 2050 rogatus
702 2015 807 2050 scripsi
823 2019 851 2041 et
866 2015 982 2049 signum
1000 2015 1063 2041 feci.

95 2155 218 2182 CCXIX
230 2157 238 2181 l
251 2158 268 2181 ¹.

166 2243 336 2278 Exemplum
352 2242 504 2276 cujusdam
522 2243 706 2269 instrumenti
723 2243 765 2269 sie
782 2243 959 2277 incipientis.

167 2291 233 2326 Ugo
256 2291 441 2317 miseratione
465 2291 560 2317 divina
583 2290 730 2317 Ostiensis
756 2295 785 2317 et
810 2291 1001 2317 velletrensis
1024 2293 1103 2327 epis—

133 2347 225 2373 copus
253 2339 411 2373 apostolice
439 2339 518 2364 sedis
548 2339 674 2372 legatus,
701 2339 814 2365 dilectis
839 2340 866 2365 in
896 2339 1011 2365 Christo
1037 2340 1103 2367 filiis

133 2387 266 2421 potestati
283 2391 312 2412 et
327 2387 448 2413 consilio
464 2391 491 2413 ct
510 2387 613 2421 populo
630 2388 740 2421 totique
761 2386 907 2414 communi
924 2387 1103 2415 Feri-ariensi

132 2436 253 2462 salutem
278 2436 305 2461 in
330 2435 465 2461 Domino.
483 2435 555 2461 Cum
574 2435 766 2461 Ferrariensis
782 2436 884 2462 civitas
902 2436 974 2463 iuris
990 2440 1018 2463 et
1036 2446 1102 2471 pro-

134 2485 263 2518 prietatis
292 2485 329 2510 sit
357 2485 514 2518 apostolice
539 2484 617 2510 sedis
642 2488 670 2510 et
692 2485 717 2510 ei
744 2485 821 2511 nullo
849 2485 942 2512 medio
968 2486 1006 2512 sit
1031 2486 1104 2512 sub-

134 2638 159 2664 1.
181 2637 323 2672 Bologne‚
341 2637 372 2663 ‘27
389 2637 506 2664 octobre
529 2637 604 2669 1221,
625 2639 759 2664 transcrit
777 2639 792 2664 a
812 2638 930 2665 Ferrare
949 2639 973 2665 le
994 2640 1022 2666 10
1039 2648 1103 2674 sep-

97 2686 209 2713 tembre
229 2686 305 2712 1231.
321 2701 354 2704 —
375 2685 511 2718 Tbeiner‚
528 2690 548 2712 t.
567 2685 594 2719 I,
610 2695 636 2720 p.
655 2686 698 2713 69.
714 2700 750 2706 —
771 2685 808 2712 Le
824 2687 949 2713 cardinal
966 2687 1102 2722 Hugues,

99 2734 208 2768 (aveque
231 2733 340 2760 d'Ostie
362 2737 391 2760 et
417 2733 535 2760 Velletri
555 2735 596 2766 (le
620 2734 700 2760 futur
723 2734 862 2768 Gregoire
884 2734 949 2767 IX),
974 2736 1049 2770 legat
1066 2736 1104 2763 du

98 2790 171 2816 pape
195 2781 343 2808 Honorius
368 2781 411 2807 111
433 2790 468 2808 en
493 2781 678 2815 Lombardie,
705 2783 823 2809 investit
847 2783 872 2808 la
894 2791 1047 2810 commune
1067 2784 1104 2827 de

98 2830 218 2857 Fen-rare
234 2830 268 2856 de
285 2831 310 2856 la
332 2830 429 2857 Massa
444 2830 576 2857 Fiscalia.
595 2830 651 2856 Sur
666 2839 698 2856 ce
715 2830 861 2865 demaine,
878 2832 940 2858 voir
955 2833 1105 2860 ci-dessus

99 2887 128 2913 p.
150 2878 182 2906 98
203 2886 235 2909 α,
259 2882 326 2904 note
348 2879 379 2909 33
405 2887 455 2905 sur
478 2878 503 2904 le
527 2881 642 2913 present
662 2878 830 2910 document,
855 2880 933 2910 ibici„
954 2889 980 2914 p.
1006 2881 1049 2907 121
1075 2882 1103 2913 b,

99 2929 166 2952 note
184 2926 209 2953 1.
228 2926 341 2960 BeHini,
358 2927 460 2953 ,11011010
475 2927 506 2952 di
520 2928 650 2957 Ferrara,
669 2935 696 2961 p.
713 2927 758 2961 66,
774 2927 830 2953 0110
847 2936 884 2953 1111
901 2934 1051 2962 payement
1067 2929 1105 2956 du

98 2982 171 3001 cens
186 2975 305 3009 indique
320 2975 368 3007 ici,
385 2975 506 3002 effectae
517 2983 552 3002 en
568 2975 633 3002 1230
649 2984 698 3010 par
713 2975 737 3001 la
753 2983 906 3002 commune
923 2976 958 3002 de
977 2976 1104 3004 Feri-are.

1213 419 1305 452 jecta,
1322 419 1404 444 decet
1421 428 1473 445 nos
1487 421 1536 454 qui
1553 421 1630 447 vices
1649 421 1756 448 domini
1773 432 1844 458 pape
1859 423 1885 450 in
1904 425 2031 458 partibus
2047 426 2180 460 gerimus

1214 465 1384 492 Lombardie
1401 475 1452 493 vos
1464 472 1607 502 tamquam
1624 470 1697 496 filios
1710 471 1851 505 speciales
1866 476 1893 498 et
1909 473 2031 499 ecclesie
2049 473 2182 501 Romane

1215 514 1312 540 fideles
1329 515 1452 549 benigne
1469 518 1612 550 respicere
1626 522 1653 544 et
1669 519 1758 546 iustas
1776 520 1934 554 peticiones
1951 526 2070 553 vestras,
2085 530 2180 557 quan-

1215 565 1274 588 tum
1291 571 1355 589 cum
1381 563 1440 590 Deo
1457 573 1623 599 possumus,
1639 567 1784 594 exaudire.
1806 568 1886 595 Votis
1903 569 1988 604 igitur
2004 575 2031 597 et
2049 571 2181 606 postula-

1214 611 1344 638 tionibus
1361 614 1466 639 vestris
1483 618 1562 647 grato
1581 621 1786 643 concurrentes
1805 626 1942 649 assensu,
1960 622 2063 646 terram
2081 617 2179 647 Masso

1217 658 1346 685 Fuscalie
1362 660 1395 686 ad
1412 662 1552 688 culturam
1571 663 1604 688 de
1622 672 1694 690 noro
1711 665 1847 692 redditam
1864 673 1930 693 cum
1948 667 2109 701 paludibus,
2129 676 2183 695 ne-

1215 707 1346 733 moribus
1361 713 1389 734 et
1406 710 1591 742 pertinenciis
1605 712 1666 738 suis
1678 713 1710 738 al
1725 714 1769 739 ius
1782 718 1809 740 et
1826 715 2028 748 proprietatem
2045 715 2178 743 Romane

1215 755 1337 782 ecclesie
1361 758 1565 791 pertinentem,
1593 768 1676 793 quam
1701 765 1821 788 actenus
1844 764 1978 790 tenuistis
2002 764 2056 790 sub
2081 773 2177 792 annuo

1215 811 1305 829 censu
1330 804 1447 838 triginta
1471 814 1629 834 marcarum
1657 808 1755 843 legalis
1781 812 1906 844 argenti,
1933 820 2045 838 camere
2070 812 2181 839 domini

1217 860 1287 886 pape
1305 853 1331 878 in
1355 853 1428 880 festo
1450 854 1598 882 Michaelis
1613 858 1696 884 annis
1711 858 1835 892 singulis
1853 861 2052 894 persolvendo,
2068 862 2179 896 absque

1216 900 1288 927 iuris
1315 902 1472 935 preiudicio
1495 904 1593 937 alieni,
1625 906 1812 933 concedimus
1837 908 1917 934 vohis
1945 909 2117 936 Adelardino
2143 909 2180 935 de

1217 947 1316 983 Capite
1342 949 1457 983 Pontis,
1477 951 1635 979 Veronensi
1658 955 1729 985 civi,
1749 956 1881 988 potestati
1907 956 2049 987 Ferrarie,
2074 961 2102 984 et
2124 957 2185 984 Jo-

1216 997 1303 1023 hanni
1321 997 1463 1025 Valentini
1484 1001 1595 1027 sindico
1616 1001 1808 1042 Feri-ariensis
1826 1006 2003 1036 communis,
2023 1006 2136 1032 nominc
2153 1009 2185 1032 et

1219 1045 1280 1071 vice
1297 1045 1388 1080 ipsius
1402 1049 1565 1075 communis
1580 1050 1793 1084 recipientibus,
1807 1056 1833 1078 et
1846 1061 1896 1079 vos
1912 1053 1946 1079 de
1963 1053 2099 1088 predictis
2115 1062 2186 1080 om-

1218 1093 1303 1120 nibus
1319 1094 1502 1129 investimus,
1520 1098 1557 1123 ita
1575 1098 1649 1132 quod
1667 1099 1840 1126 habitatores
1857 1104 1931 1127 terre
1948 1102 2023 1128 illius
2039 1102 2086 1136 qui
2105 1110 2183 1128 nunc

1217 1146 1286 1168 sunt
1306 1145 1334 1168 et
1354 1144 1402 1176 qui
1427 1153 1476 1178 pro
1499 1148 1627 1179 tempore
1653 1146 1758 1172 fuerint
1782 1147 1897 1174 domino
1919 1157 1989 1183 pape
2014 1154 2042 1175 et
2061 1149 2186 1175 ecclesie

1217 1188 1348 1217 Romane
1365 1191 1555 1219 iuramentum
1568 1193 1713 1220 fidelitatis
1725 1195 1887 1227 exhibeant,
1901 1198 1982 1230 quale
1996 1198 2075 1224 cives
2087 1197 2187 1224 Ferra-

1218 1239 1330 1266 rienses
1354 1240 1437 1266 nobis
1459 1242 1573 1268 nomine
1598 1242 1727 1269 Romane
1751 1244 1871 1270 ecclesie
1898 1246 2093 1279 prestiterunt.
2122 1246 2188 1273 Vil-

1217 1287 1259 1313 las
1282 1291 1376 1314 autem
1400 1289 1623 1324 imfrascriptas,
1640 1291 1733 1318 silicet
1750 1291 1858 1319 Vallem
1880 1292 2028 1325 Clusurie,
2047 1295 2184 1330 Fiscalis,

1216 1334 1410 1368 Rovoretum,
1434 1338 1626 1372 Medelanam,
1648 1339 1907 1376 Campnmlongum
1929 1347 1957 1369 ct
1980 1343 2182 1371 Medelarinam

1216 1392 1282 1410 cum
1300 1394 1399 1411 eorum
1418 1387 1603 1421 pertinenciis
1620 1392 1647 1414 et
1664 1390 1838 1421 confinibus,
1856 1395 1883 1416 et
1900 1400 1964 1417 cum
1981 1393 2059 1418 omni
2076 1394 2183 1419 honore

1216 1437 1244 1458 et
1257 1433 1401 1464 districtu,
1418 1435 1626 1467 iurisdictione,
1639 1437 1768 1470 collecta,
1785 1438 1907 1473 placitis,
1926 1440 2028 1467 bannis
2044 1446 2072 1467 et
2088 1442 2186 1469 omni—

1216 1480 1271 1507 bus
1283 1483 1494 1515 pertinentibus
1510 1484 1544 1510 ad
1560 1485 1798 1518 iurisdictionem¹
1816 1487 1850 1513 ad
1868 1496 1970 1514 manus
1985 1489 2092 1516 domini
2110 1500 2184 1526 pape

1215 1532 1244 1555 et
1267 1529 1397 1556 Romane
1420 1532 1542 1558 ecclesie
1566 1533 1723 1560 retinemus
1746 1538 1774 1561 et
1798 1536 1962 1570 specialiter
1985 1546 2184 1572 reservamus,

1217 1577 1327 1603 nullum
1343 1578 1426 1605 vobis
1443 1580 1485 1605 vel
1509 1582 1655 1607 communi
1678 1581 1807 1609 Ferrarie
1828 1584 1874 1610 ius
1896 1586 1923 1611 in
1940 1586 1982 1612 eis
1998 1586 2184 1620 aliquatenus

1216 1626 1420 1658 concedentes,
1438 1628 1517 1654 salvo
1534 1629 1595 1655 inre
1611 1630 1766 1657 cuiuslibet
1786 1632 1815 1658 in
1836 1633 1909 1658 villis
1931 1635 2067 1668 superius
2090 1637 2186 1663 nomi-

1218 1672 1303 1701 na'tis.
1328 1674 1452 1701 Massam
1476 1685 1592 1711 quoque
1617 1677 1710 1705 Lacus
1735 1681 1842 1712 sancti,
1866 1690 1951 1715 quam
1978 1685 2184 1711 monasterium

1217 1721 1443 1757 Pomposianum
1459 1725 1492 1750 ab
1509 1726 1630 1752 ecclesia
1646 1726 1776 1754 Romana
1793 1731 1879 1760 tenet,
1897 1730 2031 1757 similiter
2051 1740 2186 1760 reserva-

1217 1778 1297 1803 mus,
1322 1772 1358 1798 ita
1382 1773 1457 1806 quod
1483 1773 1589 1800 nullum
1614 1774 1694 1801 vobis
1720 1776 1764 1802 ius
1789 1778 1976 1805 concedimus
2006 1780 2033 1806 in
2062 1781 2186 1809 eisdem.

1216 1818 1261 1844 Ad
1279 1819 1366 1846 huius
1381 1825 1476 1847 autem
1499 1827 1595 1849 nostre
1611 1825 1812 1852 concessionis
1829 1827 1963 1854 maiorem
1980 1829 2183 1857 certitudinem

1218 1871 1383 1900 presentem
1406 1869 1540 1903 paginam
1565 1871 1630 1897 inde
1656 1871 1716 1898 fieri
1741 1873 1882 1901 iussimus
1906 1876 1933 1901 in
1959 1877 2050 1903 forma
2078 1879 2188 1912 publici

1217 1914 1413 1943 instrumenti.

1257 1963 1409 1991 Predictus
1435 1975 1500 1992 vero
1528 1967 1662 1994 dominus
1688 1970 1800 2003 legatus
1823 1972 1952 2006 precepit
1976 1974 2062 2000 michi
2084 1975 2184 2001 11111111-

1218 2012 1327 2046 scripto
1345 2013 1492 2041 Lantelmo
1509 2016 1623 2050 publico
1643 2018 1766 2050 notario,
1791 2023 1820 2045 ut
1841 2020 1875 2045 de
1896 2021 2034 2055 predictis
2050 2024 2186 2051 omnibus

1219 2059 1300 2093 plura
1326 2070 1381 2087 uno
1406 2067 1504 2089 tenore
1529 2065 1700 2092 conficerem
1723 2067 1926 2095 instrumenta.
1948 2069 2043 2097 Huius
2060 2080 2128 2098 vero
2145 2073 2186 2099 rei

1218 2111 1308 2135 testes
1337 2110 1454 2137 fuerunt
1491 2113 1600 2140 domini
1629 2113 1773 2141 Hem-icus
1802 2115 2010 2152 Bononiensis,
2042 2119 2190 2148 Henricus

1218 2155 1407 2190 Mantuanus,
1430 2160 1569 2188 Nicolaus
1594 2161 1725 2196 Reginus
1750 2164 1893 2198 episcopi,
1922 2168 2059 2201 magister
2085 2168 2190 2197 Gracia

1218 2206 1440 2235 archidiaconus
1462 2209 1671 2245 Bononiensis,
1690 2212 1828 2246 magister
1844 2213 2010 2242 Tancredus
2030 2218 2190 2245 canonicus

1222 2254 1431 2288 Bononiensis,
1456 2259 1593 2292 magister
1616 2258 1707 2286 Bondi
1732 2262 1897 2296 capellanus
1925 2264 2033 2292 domini
2058 2267 2190 2302 episcopi

1220 2302 1416 2332 Bononiensis
1437 2310 1465 2332 ct
1487 2307 1602 2340 quidam
1624 2309 1681 2334 alii.
1706 2309 1779 2336 Acta
1795 2315 1863 2337 sunt
1886 2312 1938 2338 11οο
1959 2313 1986 2338 111
2008 2315 2116 2347 capella
2137 2315 2189 2342 do-

1221 2352 1291 2378 mini
1307 2353 1436 2388 episcopi
1458 2354 1651 2382 Bononiensis
1671 2365 1746 2383 anno
1767 2367 1783 2384 a
1800 2360 1946 2386 nativitate
1965 2360 2079 2388 Domini
2096 2363 2191 2390 mille-

1221 2400 1294 2426 simo
1319 2401 1518 2429 ducentesimo
1536 2404 1674 2430 vicesimo
1684 2406 1796 2444 primo,
1821 2407 1976 2435 indictione
2000 2418 2086 2441 nona,
2107 2417 2191 2439 sexto

1221 2449 1274 2475 kal.
1295 2450 1470 2477 novembris.

1257 2497 1317 2531 Ego
1340 2497 1508 2526 Lantclmus
1531 2499 1682 2534 Papiensis
1703 2503 1860 2537 imperialis
1883 2506 1963 2532 curie
1977 2508 2115 2539 *notarius
2132 2508 2190 2535 hiis

1221 2546 1356 2572 omnibus
1382 2547 1498 2573 interfui
1521 2552 1549 2574 et
1564 2549 1599 2574 de
1622 2550 1798 2583 supradictis
1820 2553 1954 2580 omnibns
1978 2555 2059 2581 iussu
2081 2556 2190 2583 domini

1220 2593 1306 2627 legati
1324 2594 1397 2620 hanc
1413 2596 1551 2621 cartulam
1569 2597 1686 2631 scripsi.

1256 2640 1292 2666 Et
1315 2649 1368 2675 ego
1391 2642 1559 2670 Armannus
1580 2643 1631 2670 Dei
1648 2646 1739 2679 gratia
1756 2647 1910 2682 imperialis
1925 2650 1989 2676 aule
2006 2654 2035 2677 et
2050 2655 2119 2678 tunc
2136 2661 2190 2687 po-

1222 2691 1334 2715 testatis
1354 2695 1381 2716 et
1401 2693 1564 2718 communis
1580 2694 1708 2720 Ferrarie
1731 2696 1874 2728 notarius,
1899 2702 1929 2723 ut
1951 2698 1979 2724 in
1998 2701 2143 2727 autentico
2160 2707 2190 2729 et,

1222 2742 1328 2764 attente
1345 2739 1466 2774 perlegi,
1486 2740 1523 2766 ita
1540 2741 1627 2767 nichil
1643 2742 1752 2769 addens
1774 2745 1811 2770 nil
1833 2745 1967 2773 minuens
1984 2752 2078 2781 preter
2095 2758 2190 2784 punc-

1222 2789 1297 2817 tum,
1315 2787 1436 2813 litteram
1459 2789 1502 2814 vel
1525 2789 1670 2824 sillabam,
1692 2791 1742 2817 sed
1765 2801 1819 2818 non
1843 2794 1919 2827 quod
1942 2803 2047 2822 sensus
2065 2802 2192 2826 mutetur

1224 2842 1268 2860 me
1288 2835 1413 2867 sciente,
1435 2838 1565 2871 exceptis
1585 2838 1679 2871 signis
1700 2840 1775 2866 illius
1799 2842 1898 2867 notarii
1924 2842 1952 2869 in
1979 2844 2033 2870 1100
2058 2848 2191 2882 exemplo

1223 2883 1327 2917 scripsi
1343 2887 1370 2909 et
1386 2885 1507 2919 sumpsi,
1521 2890 1654 2912 currente
1670 2886 1771 2913 MoCCo
1782 2889 1929 2916 tricesimo
1945 2893 2047 2927 primo,
2062 2897 2192 2929 tempore

1224 2929 1356 2964 Gregorii
1374 2940 1444 2966 pape
1464 2936 1493 2958 et
1513 2931 1656 2960 Frederici
1674 2935 1871 2970 imperatoris,
1896 2939 2051 2967 indictione
2074 2947 2190 2976 quarta,

1224 2978 1270 3004 die
1287 2980 1430 3010 mercurii,
1449 2979 1560 3007 decimo
1576 2980 1700 3008 intrante
1716 2985 1883 3018 septembri,
1902 2985 2040 3016 Feri-arie.
