2392 3571
667 337 717 366 LE
741 336 883 366 LIBER
907 336 1139 367 CENSUUM
1163 337 1216 366 DE
1241 333 1424 367 L'EGLISE
1448 336 1654 367 ROMAINE.
2141 337 2197 369 593

224 664 355 701 ACTA
385 663 598 701 CAMERE
626 663 791 700 FACTA
821 665 925 702 PER
955 665 1266 703 MAGISTRUM
1295 664 1532 702 JACOBUM
1564 666 1630 702 DE
1661 664 1902 701 VITERBIO
1934 663 2097 704 IPSIUS

906 744 1119 781 CAMERE
1148 743 1424 781 NOTARIUS.

124 977 320 1012 [CCCLVIIIJ.
340 993 375 1000 —
395 978 550 1005 Sammm
572 986 639 1004 ιΑτΑ
662 985 740 1004 mrsu
760 986 947 1004 MAPPULARios
968 987 1000 1004 ET
1019 986 1124 1005 ,inunx-

157 1035 295 1054 rnuones
311 1027 398 1054 Unms
415 1035 446 1052 ΕΤ
462 1034 625 1054 ssnvfflnrus
643 1034 736 1053 nemim
752 1035 819 1052 papa
833 1030 851 1053 ¹.

195 1128 226 1154 In
258 1129 372 1155 nomine
400 1128 530 1159 Domini,
561 1136 654 1154 amen.
686 1128 770 1154 Anno
800 1128 955 1154 nativitatis
982 1128 1124 1155 dominice

158 1176 481 1208 MocCoLXXXVHIo,
512 1176 667 1203 indictione
701 1177 808 1211 prima,
840 1177 950 1203 mensis
981 1177 1047 1203 maii
1078 1177 1124 1204 die

159 1225 184 1250 V
200 1225 343 1252 intrantis.
367 1226 472 1252 Actum
494 1225 585 1251 Rome
606 1225 679 1260 apud
702 1229 832 1251 sanctum
855 1224 989 1258 Petrum,
1006 1233 1124 1260 presen—

161 1274 239 1300 tibus
262 1275 400 1308 magistro
422 1273 509 1300 Paulo
532 1274 566 1300 de
590 1273 679 1300 Reate
699 1274 802 1300 clerico
824 1281 952 1305 camere,
971 1274 1057 1300 fratre
1071 1273 1124 1300 Jo-

160 1323 254 1349 banne
267 1322 410 1349 Maccario
422 1323 596 1349 marescalco
613 1323 772 1349 marestalle
788 1323 895 1349 domini
907 1332 988 1357 pape,
999 1323 1123 1357 dompno

159 1371 293 1398 Scambio
327 1372 421 1406 priore
456 1371 490 1397 de
525 1371 668 1406 Borgiano
680 1393 686 1404 ‚
718 1371 833 1397 domino
863 1371 974 1398 Gentile
1004 1372 1124 1406 plebano

158 1419 288 1447 Civitatis
310 1420 408 1454 Nove,
428 1421 564 1455 magistro
587 1420 717 1447 Alatrino
738 1420 772 1446 de
796 1420 941 1447 Guarcino
967 1421 1076 1447 notario
1098 1424 1126 1447 et

158 1470 295 1503 magistro
321 1469 475 1496 Thomasio
499 1469 534 1495 de
559 1469 656 1496 Monte
683 1469 822 1496 Granario
847 1469 981 1496 testibus.
1009 1469 1124 1496 Dudum

158 1522 286 1552 tempore
308 1518 401 1545 felicis
422 1518 627 1545 recordationis
646 1518 752 1545 domini
776 1517 886 1544 Nicolai
904 1527 974 1553 pape
994 1518 1036 1544 ΙΙΙ
1057 1522 1126 1545 tunc

159 1567 250 1593 Rome
266 1567 340 1602 apud
354 1567 490 1594 Sanctum
508 1567 624 1593 Petrum
642 1575 707 1594 cum
722 1567 851 1594 Romana
865 1569 944 1594 curia
960 1568 1123 1597 residentis,

158 1617 231 1642 inter
253 1616 445 1651 rnappularios
467 1620 496 1643 et
515 1616 729 1643 addextratores
753 1616 841 1643 Urbis
863 1625 897 1643 ex
922 1625 977 1643 una
1000 1621 1078 1652 parte
1099 1623 1127 1644 et

158 1666 321 1692 servientes
345 1666 443 1700 nigros
464 1665 498 1691 de
519 1665 624 1692 familia
643 1665 749 1692 domini
771 1674 842 1700 pape
859 1674 893 1692 ex
909 1667 1011 1697 altera,
1028 1670 1126 1692 exorta

158 1714 212 1740 fuit
233 1715 352 1741 materia
367 1715 547 1749 questionis,
563 1722 650 1749 super
666 1723 699 1740 eo
714 1715 847 1741 videlicet
862 1715 937 1748 quod
954 1716 1048 1741 omnia
1064 1724 1126 1741 ser-

160 1763 227 1789 vitia
242 1771 298 1797 que
314 1763 417 1789 dantur
433 1772 484 1798 per
499 1764 624 1798 prelatos
640 1768 668 1790 et
683 1763 801 1789 abbates
817 1764 843 1789 in
862 1765 1127 1790 consecrationibus

160 1816 187 1837 et
204 1812 454 1839 benedictionibus
468 1813 607 1847 ipsorum,
623 1821 678 1847 que
690 1813 762 1838 fiunt
777 1813 804 1838 in
822 1812 900 1839 Urbe
917 1822 965 1847 per
979 1813 1125 1839 dominum

159 1869 259 1895 papam
277 1861 320 1886 vel
340 1861 425 1887 aliurn
443 1861 477 1887 de
495 1861 626 1887 mandato
643 1869 714 1895 suo,
733 1861 786 1895 ipsi
804 1861 970 1896 mappularii
990 1866 1018 1887 et
1039 1862 1126 1887 adex-

160 1913 283 1936 tratores
298 1909 467 1936 asserebant
483 1910 516 1936 ad
533 1918 565 1936 se
588 1911 712 1936 totaliter
728 1910 881 1944 pertinere,
899 1910 966 1937 dicti
984 1919 1050 1936 vero
1066 1919 1127 1936 ser-

158 1959 271 1984 vientes
295 1958 368 1992 nigri
389 1966 440 1993 pro
461 1966 492 1985 se
515 1963 543 1984 et
559 1959 622 1985 aliis
643 1967 708 1985 cum
732 1959 838 1993 quibus
862 1959 977 1985 servitia
1000 1959 1126 1994 predicta

160 1997 376 2033 comm'unicant
390 2007 503 2042 quando
517 2007 550 2033 ad
567 2016 617 2033 eos
633 2009 801 2042 perveniunt
816 2008 989 2034 contrarium
1007 2016 1123 2042 respon—

159 2055 274 2088 derent;
290 2060 405 2090 propter
416 2056 491 2090 quod
504 2057 625 2090 aliquam
642 2056 791 2090 pecuniam
804 2060 964 2091 perceptam
977 2065 1010 2082 ex
1023 2057 1071 2090 huj
1079 2065 1126 2082 us-

160 2103 236 2130 modi
267 2104 533 2131 consecrationibus
564 2108 592 2130 et
620 2104 869 2130 benedictionibus
897 2114 945 2139 per
968 2105 1127 2131 servientes

161 2153 306 2187 predictos
318 2161 409 2187 usque
425 2153 458 2179 ad
475 2153 529 2179 hec
544 2157 672 2188 tempora
688 2162 737 2187 per
752 2153 868 2179 eosdem
885 2155 1044 2179 servientes
1061 2162 1127 2180 cus—

160 2201 242 2227 todiri
270 2202 391 2227 fecimus
416 2206 444 2227 et
470 2202 578 2227 servari
604 2201 695 2227 donee
719 2209 769 2236 per
793 2210 937 2228 summum
963 2203 1126 2236 pontificem

160 2250 325 2285 hujusmodi
343 2251 488 2277 contentio
508 2259 558 2277 seu
581 2250 723 2277 discordia
745 2252 897 2285 sopiretur.
920 2250 1050 2285 Cumque
1071 2256 1126 2278 tam

161 2299 329 2334 mappularii
346 2303 374 2325 et
389 2299 585 2326 adextratores
601 2308 686 2334 quam
703 2299 861 2326 servientes
878 2300 977 2334 prefati
994 2300 1042 2326 diu
1058 2309 1127 2326 con-

160 2351 342 2383 tempnet-ent
354 2356 450 2375 coram
466 2348 549 2374 nobis
563 2352 592 2374 et
607 2348 752 2374 nonnullis
763 2348 836 2382 aliis,
853 2348 960 2382 quibus
976 2349 1127 2383 aliquando

160 2397 268 2424 dictum
286 2397 434 2431 negotium
457 2397 594 2423 duximus
615 2396 868 2428 committendum,
885 2400 914 2423 et
929 2398 1061 2431 querelas
1077 2407 1128 2424 ex-

159 2446 310 2481 posuerint
325 2445 399 2480 apud
416 2453 547 2472 summos
558 2445 710 2480 pontifices
726 2446 775 2479 qui
790 2445 906 2472 fuerunt
922 2454 972 2480 pro
988 2449 1127 2480 tempore,

159 2495 323 2530 specialiter
338 2499 433 2521 autem
449 2502 546 2520 coram
558 2494 743 2520 sanctissimo
760 2498 839 2528 patre
855 2497 884 2520 et
899 2494 1014 2521 domino
1030 2498 1128 2521 nostro

160 2543 276 2570 domino
291 2543 409 2570 Nicolao
432 2551 502 2577 papa
522 2542 613 2574 llum,
630 2542 705 2569 idem
725 2543 860 2569 dominus
875 2551 946 2578 papa
962 2543 1061 2570 volens
1076 2543 1129 2570 de-

159 2591 266 2618 clarare
277 2599 311 2618 ac
322 2591 455 2618 dirimere
466 2590 633 2625 huJusmodi
646 2590 860 2617 contentionem
874 2599 925 2617 seu
940 2592 1023 2617 etiam
1039 2600 1128 2626 ques-

162 2739 187 2766 i.
204 2739 218 2765 5
234 2740 289 2765 mai
310 2739 384 2766 1288.
401 2753 438 2759 —
452 2738 600 2771 Muratori,
618 2740 694 2772 Ant„
711 2742 729 2765 t.
746 2738 797 2770 VI,
816 2747 841 2773 p.
859 2738 921 2765 461.
939 2753 969 2758 —-
987 2739 1128 2766 Sentence

1242 978 1363 1010 tionem,
1382 978 1521 1004 rubricam
1543 979 1604 1004 libri
1622 980 1764 1005 censualis
1784 988 1895 1006 camere
1916 980 2007 1015 ipsius
2025 981 2129 1007 domini
2148 982 2201 1007 sub

1241 1034 1296 1060 qua
1312 1026 1345 1051 dc
1359 1025 1494 1059 predictis
1506 1026 1605 1052 officiis
1621 1031 1648 1052 et
1664 1028 1788 1053 servitiis
1803 1031 1900 1054 tenore
1917 1030 2025 1061 plenius
2041 1031 2202 1055 continetur

1241 1074 1392 1108 diligenter
1417 1074 1485 1100 vidit
1507 1079 1534 1099 et
1557 1075 1728 1101 examinavit
1751 1079 1779 1101 ut
1801 1076 1835 1101 de
1862 1077 1995 1110 predictis
2020 1078 2144 1102 servitiis
2175 1081 2202 1103 et

1241 1122 1341 1148 officiis
1352 1123 1446 1156 quein
1458 1124 1723 1149 consecrationibus
1736 1125 1904 1157 prelatorum
1918 1130 1943 1151 et
1957 1126 2201 1152 benmlivmnribus

1241 1171 1392 1204 abbatum,
1414 1171 1527 1204 quando
1545 1180 1593 1206 per
1612 1172 1770 1198 Romanum
1794 1175 1954 1208 pontificem
1977 1175 2044 1200 flunt
2070 1177 2094 1200 ἰιι
2115 1175 2202 1207 Urbe,

1242 1220 1352 1254 plenam
1370 1220 1588 1246 instructionem
1612 1222 1741 1248 haberet:
1764 1223 1849 1255 cujus
1866 1223 1975 1249 rubi-icc
1993 1228 2088 1249 tenore
2105 1228 2131 1249 et
2148 1225 2203 1249 cir-

1241 1268 1424 1294 cumstantiis
1441 1268 1515 1294 dicte
1538 1269 1698 1303 questionis
1719 1270 1870 1301 diligenter
1891 1271 2059 1297 examinatis
2080 1276 2107 1297 et
2124 1272 2204 1305 plene

1242 1316 1394 1349 discursis,
1409 1316 1560 1343 attendens
1576 1317 1660 1343 etiam
1678 1318 1751 1351 quod
1769 1319 1793 1343 in
1810 1318 1885 1344 dicto
1902 1320 2026 1345 censuali
2043 1321 2205 1345 nominetur

1242 1374 1381 1400 expresse
1394 1366 1467 1399 quod
1486 1366 1598 1400 quando
1614 1366 1748 1392 dominus
1766 1376 1833 1401 pap-'i
1851 1368 1974 1393 celebrat
1991 1369 2030 1393 vel
2048 1369 2154 1401 equitat
2171 1368 2204 1394 ad

1242 1415 1363 1449 aliquam
1387 1416 1538 1441 ecclesiam
1563 1415 1649 1442 Urbis
1672 1416 1698 1441 in
1721 1425 1776 1450 qua
1793 1417 1892 1443 eodem
1914 1417 1957 1442 die
1979 1419 2062 1443 statio
2080 1427 2132 1443 nnn
2150 1422 2202 1447 est,

1243 1464 1295 1498 ipsi
1314 1464 1480 1498 mappularii
1498 1465 1539 1490 vel
1556 1465 1751 1491 adextratores
1767 1474 1831 1491 eum
1854 1466 1967 1491 domino
1990 1476 2059 1500 papa
2082 1476 2134 1492 non
2157 1467 2204 1492 de-

1242 1513 1310 1539 bent
1326 1513 1474 1539 comedere
1489 1514 1530 1539 vel
1543 1514 1655 1548 aliquod
1668 1514 1789 1540 officinm
1803 1523 1948 1545 exercere,
1961 1515 2001 1541 sic
2020 1524 2067 1549 pei·
2085 1524 2134 1540 no<
2154 1515 2207 1541 Be-

1244 1562 1355 1588 rardum
1381 1562 1473 1596 ipsius
1494 1562 1601 1588 domini
1625 1564 1810 1588 camerarium
1835 1564 2051 1589 declarationi-in
2078 1569 2103 1588 et
2127 1564 2205 1589 ‘leci-

1244 1610 1352 1636 sionem
1377 1611 1541 1644 hujusmodi
1565 1612 1725 1645 questionis
1746 1612 1888 1637 commisit
1907 1613 2019 1637 oraculo
2038 1613 2097 1636 rive
2115 1612 2204 1643 vocis,

1244 1659 1374 1685 videli‹·et
1395 1660 1468 1693 quod
1497 1660 1549 1694 ipsi
1572 1660 1738 1694 iii-'ippularii
1762 1664 1789 1685 et
1810 1661 2004 1686 adextratores
2026 1662 2137 1695 quando
2154 1661 2204 1686 do-

1244 1709 1339 1734 minus
1363 1717 1433 1742 papa
1455 1714 1499 1734 cst
1522 1709 1548 1734 in
1574 1707 1648 1734 Urbe
1671 1712 1697 1733 et
1719 1709 1744 1733 in
1762 1709 1853 1742 aliqua
1871 1709 2055 1734 ecclesiarum
2076 1709 2161 1735 [rbis
2177 1710 2203 1735 in

1242 1766 1296 1790 qua
1313 1757 1365 1782 erit
1381 1757 1465 1782 statio
1483 1757 1542 1790 ipsa
1559 1756 1603 1782 dic
1620 1756 1713 1782 dictus
1729 1757 1862 1782 dominus
1881 1766 1948 1791 papa
1965 1766 2013 1791 per
2027 1766 2057 1781 se
2076 1758 2115 1783 rel
2133 1758 2206 1783 alins

1243 1806 1277 1832 de
1294 1813 1347 1831 suo
1367 1805 1498 1831 mandato
1514 1805 1694 1831 consecrabit
1712 1806 1834 1839 prelatos
1852 1806 1894 1830 vel
1912 1806 2059 1831 benedicet
2079 1806 2205 1836 abbatesv

1244 1855 1425 1887 servitiaque
1443 1854 1554 1879 fientab
1568 1853 1637 1886 ipsis
1651 1853 1766 1887 prelatis
1779 1853 1982 1879 consecrandis
1997 1855 2037 1879 vel
2055 1855 2205 1879 abbatibus

1244 1903 1448 1928 benedicendis
1473 1902 1590 1936 pacifice
1613 1902 1734 1927 habeant
1757 1906 1783 1927 et
1808 1902 1914 1935 quiete.
1939 1902 2058 1933 Quando
2085 1911 2150 1927 vero
2178 1903 2205 1927 in

1244 1950 1375 1976 ecclesiis
1399 1949 1486 1976 Urbis
1507 1951 1532 1975 in
1558 1950 1663 1984 quibus
1680 1950 1765 1975 statio
1783 1958 1836 1975 non
1855 1951 1905 1975 erit
1926 1950 2089 1983 hujusmodi
2106 1959 2208 1975 eonse-

1243 2000 1386 2026 cratiuncs
1401 2003 1429 2025 et
1441 1999 1658 2025 benedictiones
1676 2007 1723 2032 per
1735 1998 1880 2024 dominum
1898 2007 1995 2032 papam
2014 1999 2055 2023 vel
2072 1999 2157 2024 alium
2173 1998 2207 2024 de

1245 2048 1376 2074 mandato
1393 2056 1445 2073 suo
1463 2048 1521 2073 fieri
1538 2047 1707 2080 contigerit,
1727 2047 1827 2081 prefati
1844 2047 2003 2072 servientes
2021 2047 2092 2079 nigri
2114 2051 2141 2072 et
2162 2047 2207 2072 alii

1244 2097 1292 2131 qui
1309 2105 1373 2123 cum
1391 2096 1433 2122 eis
1451 2096 1567 2122 servitia
1590 2096 1714 2130 predicta
1736 2096 1950 2121 ‹·omimmicant
1966 2095 2129 2127 hujusmodi
2146 2104 2207 2120 ser-

1245 2145 1311 2171 vitiu
1329 2145 1499 2179 prelatorum
1517 2147 1544 2169 et
1559 2144 1691 2169 abbatum
1709 2143 1833 2169 totaliter
1849 2144 1970 2169 habeant
1990 2147 2017 2168 et
2040 2143 2207 2177 percipiant,

1246 2202 1298 2220 nec
1315 2193 1417 2219 exindo
1435 2194 1546 2227 possint
1562 2192 1596 2218 ab
1614 2193 1655 2218 eis
1672 2191 1767 2226 impeti
1786 2192 1827 2217 vel
1846 2192 1871 2217 in
1889 2192 1983 2225 aliquo
2001 2192 2156 2217 molestari.

1281 2248 1361 2274 Hanc
1377 2252 1471 2274 autem
1489 2248 1684 2274 diffinitionem
1702 2247 1736 2273 de
1754 2248 1884 2272 mandato
1906 2246 1997 2280 ipsius
2013 2246 2118 2271 domini
2140 2254 2210 2280 pape

1245 2298 1347 2324 factam
1371 2298 1425 2322 vim
1448 2301 1476 2322 et
1493 2297 1578 2322 robur
1598 2296 1700 2321 habere
1718 2296 1805 2321 voluit
1821 2295 1955 2320 dominus
1972 2303 2041 2329 papa
2064 2294 2210 2328 predictus

1244 2354 1277 2372 ac
1291 2346 1375 2372 etiam
1392 2345 1508 2380 plenum
1524 2344 1656 2370 effectum
1671 2349 1727 2370 tam
1744 2352 1793 2378 pro
1809 2348 1936 2377 tempore
1952 2343 2019 2368 dicti
2037 2343 2143 2368 domini
2159 2341 2210 2368 Ni-

1245 2394 1316 2421 colai
1335 2403 1404 2429 pape
1421 2393 1463 2420 111
1478 2402 1533 2428 quo
1550 2393 1625 2420 dicta
1637 2392 1779 2419 discordia
1792 2396 1866 2418 mota
1879 2392 1931 2418 tuit
1946 2399 2030 2425 quam
2048 2400 2097 2425 pro
2114 2391 2209 2417 futuro

1245 2446 1374 2478 tempore
1390 2443 1417 2468 in
1435 2442 1560 2476 singulis
1575 2442 1666 2468 sacris
1681 2443 1738 2475 que
1754 2442 1782 2467 in
1798 2440 1876 2467 Urbe
1897 2440 2034 2466 celebrari
2057 2439 2211 2473 contigerit

1244 2491 1278 2517 de
1291 2496 1385 2518 cetero
1402 2491 1428 2517 in
1446 2491 1586 2517 futui-um.
1599 2489 1660 2516 Nos
1673 2491 1768 2524 itaque
1783 2490 1892 2515 vocatis
1904 2493 1931 2514 et
1943 2489 2090 2522 requisitis
2101 2496 2133 2513 ac
2146 2496 2210 2522 pre-

1245 2541 1377 2567 sentibus
1397 2548 1493 2566 coram
1515 2539 1597 2565 nobis
1620 2538 1784 2564 F'uczarollo
1804 2537 1838 2563 de
1860 2537 2001 2567 Bictonio,
2022 2536 2209 2566 Bernardino,

1245 2589 1459 2620 Crescimbene,
1478 2587 1610 2614 Gabriele
1626 2587 1660 2613 de
1675 2586 1833 2616 Thesauro,
1850 2585 2044 2615 Palmerueio,
2064 2584 2210 2610 Jacobeiio

1246 2637 1321 2664 dicto
1339 2636 1471 2671 Ungaro,
1494 2635 1626 2662 Jobanne
1643 2634 1764 2666 Basilis,
1782 2633 1988 2666 Ferramusca,
2009 2632 2155 2659 Jacobello
2175 2632 2210 2658 de

1246 2685 1426 2719 Urbeveteri¹
1449 2684 1581 2711 ,Iohanne
1602 2683 1636 2710 de
1657 2683 1788 2717 Fulgino,
1814 2682 1992 2712 Albertucio.
2017 2681 2211 2707 servientibus

1247 2735 1348 2769 nigris,
1366 2743 1401 2760 ex
1418 2742 1472 2760 una
1488 2736 1577 2768 parte,
1593 2736 1621 2758 et
1637 2731 1732 2757 Basile
1749 2730 1924 2765 mappulario
1940 2733 1967 2755 et
1984 2729 2076 2764 priore
2092 2737 2212 2763 mappu-

1246 2785 1380 2810 lariorum
1393 2804 1399 2815 ,
1416 2786 1444 2808 et
1460 2781 1573 2815 Angelo
1594 2779 1736 2807 Gnidonis
1752 2778 1928 2813 mappulario
1939 2798 1945 2808 ,
1962 2777 2094 2803 ,Iohanne
2109 2777 2211 2803 Crucis

1245 2833 1435 2863 adextratore,
1468 2830 1581 2856 Cinthio
1614 2829 1784 2863 Rapancane
1814 2828 1993 2853 adextratore
2023 2831 2051 2852 et
2079 2825 2211 2851 Jobanne

1246 2881 1320 2907 Meta
1341 2881 1450 2906 notario
1472 2879 1651 2905 adextratore
1673 2882 1701 2903 et
1724 2875 1958 2911 procuratoribus
1983 2879 2040 2901 tam
2064 2875 2211 2909 mappula-

1246 2930 1351 2956 riorum
1364 2937 1446 2963 quam
1459 2928 1672 2953 adextratorum
1683 2933 1770 2959 super
1784 2924 1910 2959 predicto
1923 2924 2037 2958 negotio
2049 2924 2211 2958 specialiter

1246 2978 1429 3009 constitutis,
1454 2977 1544 3011 ipsam
1568 2976 1749 3010 questionem
1774 2974 1808 2999 de
1828 2973 1945 3008 speciali
1968 2972 2099 2999 mandato
2118 2972 2211 3006 ipsius

125 2786 248 2819 rendue,
265 2796 300 2814 en
318 2791 399 2814 vertu
422 2787 508 2814 d'une
525 2787 712 2814 commission
736 2787 772 2813 du
791 2796 862 2822 pape
878 2786 995 2814 Nicolas
1010 2787 1062 2819 IV,
1079 2796 1129 2822 par

125 2843 176 2862 son
202 2837 342 2863 camerier
365 2835 482 2867 Berard,
506 2840 586 2863 entre
612 2836 654 2862 les
679 2837 851 2869 mappularii
877 2839 901 2862 ec
925 2837 1129 2863 addextratores

126 2882 210 2910 d’une
226 2888 287 2918 part
299 2888 326 2911 et
337 2885 379 2911 les
395 2886 540 2911 servientes
555 2886 633 2918 niqri
647 2884 756 2911 d⁷autre
770 2888 841 2919 part,
856 2893 906 2911 sur
921 2885 946 2911 la
962 2885 1127 2920 repat-tition

125 2930 176 2958 des
194 2942 206 2955 n
224 2933 343 2967 propine
364 2944 375 2956 »ι
393 2935 492 2959 verses
509 2941 558 2967 par
576 2933 618 2959 les
639 2933 765 2968 eveques
780 2938 807 2959 et
823 2933 926 2968 abbes,
944 2933 1001 2959 lors
1018 2934 1052 2959 de
1068 2934 1129 2960 leur

126 2982 336 3009 consecration.

268 3042 352 3070 Lini-:n
370 3042 514 3071 Causuuu.
533 3057 569 3064 —
587 3043 610 3070 Ι.
2039 3034 2072 3060 75
