2392 3571
649 328 698 356 121⁴:
723 328 868 357 LIBER
891 327 1124 358 CENSUU'M
1149 328 1203 357 DE
1227 319 1413 357 L'IZGLISE
1439 328 1646 359 ROMAINE.
2140 329 2198 360 519

139 398 166 422 et
190 395 276 422 omni
300 395 358 422 ulii
379 395 500 423 aztaeilio
522 395 619 431 leynm
647 395 805 423 constituti
829 400 855 423 et
879 395 1108 423 consuetudinis

138 446 222 475 nobis
241 447 473 484 competentibus
497 447 540 475 vel
559 447 781 484 competitur-is,
802 448 881 484 quod
897 456 958 475 ¹non
979 456 1107 485 oppone-

138 507 208 528 mus
225 508 274 528 nec
286 500 396 537 opponi
408 501 557 536 faciemus
572 500 738 537 injudicio
757 501 801 529 ecl
813 505 909 535 extra,
925 505 951 529 et
966 509 1027 529 non
1039 508 1107 537 pro-

138 552 277 580 babimus
303 553 415 581 dictam
443 553 606 589 pecuniam
630 554 693 588 sore
717 553 859 587 solutam,
890 553 951 581 nisi
974 561 1028 590 per
1056 553 1108 581 lzoc

138 605 384 634 instrumentum
411 606 613 634 cancellatum
640 606 686 634 vel
716 606 846 634 incisum
878 606 922 634 vel
944 615 997 642 per
1020 606 1108 634 aliud

139 658 384 686 instrumentum
395 658 593 693 refutationis
607 659 721 693 factum
741 658 889 687 dictorum
908 658 1108 686 denariorum

138 715 165 739 et
181 719 268 738 omne
287 710 455 747 dampnum
473 715 499 738 et
517 719 661 747 ezpensas
677 718 732 746 que
752 711 796 739 rel
809 719 885 746 quas
900 711 1048 739 haberetis
1064 711 1110 739 vel

138 763 331 792 sustineretis
342 771 392 792 vos
408 763 453 791 vel
465 763 582 799 aliquis
596 771 650 799 pro
662 763 743 791 robis
754 763 787 791 in
802 763 900 791 eundo
915 768 941 792 et
956 763 1109 792 redeundo

137 820 165 844 et
187 815 295 844 stando
317 823 371 853 pro
395 815 541 852 predictis
566 815 704 843 denariis
729 816 886 852 eoeiqendis
916 817 945 844 in
972 817 1060 845 curia
1083 821 1109 845 et

137 872 223 896 extra
235 868 397 905 sollempni
410 867 610 904 stipulatione
629 868 707 895 robis
724 869 871 897 resarcire
883 869 1106 905 promittimus,

138 925 164 949 ez
177 929 233 958 pro
249 921 311 949 hiis
326 920 467 949 omnibus
482 919 676 948 observandis
692 925 718 948 et
733 921 926 949 attendendis
940 922 1110 958 obliqamus

140 974 221 1003 vobis
237 973 372 1011 predicto
393 973 516 1001 domino
536 973 691 1001 Bernardo
714 973 747 1001 de
765 974 896 1010 quolibet
918 979 1056 1002 nostrum
1077 975 1106 1002 in

139 1031 235 1055 lotum
251 1027 356 1055 omnia
373 1026 448 1054 bona
463 1030 566 1054 nostra
578 1026 732 1063 presentia
746 1031 772 1054 et
784 1027 893 1062 futura
906 1036 959 1064 pro
970 1028 1109 1064 predicta

135 1080 269 1118 pecunia
284 1079 438 1114 solvenda,
456 1084 482 1108 et
498 1079 715 1108 constituimus
727 1088 779 1108 nos
795 1084 889 1108 restro
901 1081 1024 1108 nomine
1038 1089 1108 1117 pos-

137 1132 234 1161 sidere
255 1133 405 1170 precario,
433 1141 587 1169 quousque
609 1133 806 1160 intraveritis
830 1133 861 1160 in
881 1133 1105 1169 possessionem,

137 1185 172 1213 in
189 1194 282 1222 quam
300 1185 442 1214 intrandi
455 1185 612 1214 licentiam
630 1186 709 1213 robis
723 1190 825 1213 nostra
841 1186 1021 1214 auctoritate
1036 1195 1107 1214 con-

137 1238 286 1273 cedimus,
307 1239 360 1266 sub
374 1247 453 1276 pena
469 1247 486 1266 x
503 1238 653 1267 librarum
673 1239 817 1267 bonorum
841 1239 1038 1267 denariorum
1058 1240 1108 1267 lu-

137 1292 274 1320 censium
289 1291 329 1319 ad
346 1291 474 1320 invicem
491 1292 639 1329 stipulata
658 1292 858 1328 etpromissa.
883 1293 977 1326 Quam
994 1300 1106 1329 penam

135 1345 349 1382 promittimus
370 1345 452 1372 vobis
474 1344 606 1381 predicto
626 1344 750 1372 domino
774 1344 926 1372 Bernardo
947 1345 1107 1382 sollempni

137 1397 337 1434 stipulatione
352 1397 528 1434 interposita
540 1405 595 1434 per
611 1405 664 1425 uos
678 1402 853 1434 nostrosque
866 1398 984 1426 heredes
997 1397 1070 1426 dare
1081 1402 1106 1426 et

135 1451 248 1479 solvere
263 1451 328 1479 sine
345 1450 534 1479 condictione
549 1455 575 1478 ct
591 1451 760 1487 acceptione
775 1451 803 1478 si
822 1459 879 1479 non
899 1451 1106 1479 observaveri-

136 1512 206 1531 mus
218 1504 300 1532 vobis
313 1503 447 1541 predicta
462 1503 507 1531 vel
521 1503 571 1531 itui
584 1507 638 1531 aut
650 1503 760 1539 quibus
773 1503 916 1531 dederitis
925 1512 975 1531 seu
990 1512 1107 1531 conces-

137 1556 240 1584 seritis
254 1556 388 1592 predicta
405 1556 509 1584 omniu
526 1560 551 1583 et
567 1556 708 1592 singula,
731 1561 756 1584 et
772 1565 851 1593 pena
866 1556 965 1584 soluta
986 1557 1029 1585 ecl
1046 1565 1104 1584 non

138 1609 188 1638 hec
204 1609 310 1637 omnia
325 1613 350 1637 et
366 1609 490 1645 singula
509 1609 732 1637 nichilominus
746 1609 838 1645 firma
851 1614 1065 1646 permaneant.

177 1663 285 1690 Actum
315 1663 346 1690 in
371 1662 495 1690 civitate
522 1662 655 1696 Lucana,
681 1662 712 1690 in
737 1662 854 1699 palatio
880 1663 970 1690 veteri
995 1663 1107 1699 episco-

136 1720 238 1753 patus,
263 1724 366 1744 coram
390 1716 536 1752 magistro
556 1715 642 1743 Petro
661 1715 694 1743 de
715 1715 868 1744 Guarcino
890 1715 1009 1744 domini
1031 1725 1108 1753 pape

137 1769 282 1806 scriptore
298 1773 324 1797 et
348 1769 471 1803 nuntio,
489 1768 661 1805 presbytero
680 1768 840 1796 Guillelmo
856 1768 1012 1805 capellano
1029 1769 1107 1806 epis-

139 1826 262 1858 copatus
277 1821 411 1855 Lucani,
434 1821 556 1849 domino
576 1821 718 1849 leainerzfo
733 1821 871 1855 Arocati,
892 1821 1016 1850 domino
1033 1821 1107 1850 Gui-

139 1874 214 1904 done
247 1875 375 1908 Bai-teti,
407 1875 457 1902 Dei
482 1875 585 1911 qratia
611 1875 785 1903 consulibus
809 1875 956 1908 Lucanis,
983 1875 1107 1903 domino

136 1927 294 1956 Ramberto
309 1927 456 1962 Masneri,
478 1927 600 1955 domino
615 1927 721 1955 Jacobo
734 1927 856 1955 Lucano
872 1927 1065 1961 cancellario,
1082 1932 1109 1955 et

136 1980 243 2009 Jacobo
259 1980 293 2008 de
305 1979 435 2013 Morino,
451 1984 476 2007 et
492 1979 586 2016 liuJ'us
601 1980 647 2007 rei
666 1979 788 2007 testibus
804 1980 927 2008 vocatis.

177 2034 237 2070 Eyo
247 2033 420 2061 Brunaeius
434 2033 595 2069 apostolica
612 2033 794 2060 auctoritate
811 2032 950 2060 notarius
967 2032 1028 2060 hiis
1043 2041 1108 2061 om-

137 2086 227 2115 nibus
254 2085 442 2122 supradictis
476 2085 604 2120 interfui
639 2089 665 2113 et
693 2085 804 2122 scripsi
835 2090 861 2113 et
892 2086 922 2113 in
951 2085 1104 2122 publicam

136 2140 270 2175 formam
288 2139 398 2175 rcdeqi.

99 2296 272 2327 CCLXVI.
301 2313 339 2318 —
366 2296 619 2325 INSTRUMENTUM
639 2304 798 2325 CUJUSDAM
821 2304 1108 2326 mmannoommms

140 2359 225 2384 QUAM
242 2358 331 2379 Fsscm*
350 2357 427 2378 lnEM
444 2357 598 2378 melsa-En
620 2349 745 2378 Patruus
763 2357 898 2377 cLEmcls
918 2349 1071 2378 LUCCANJS
1084 2349 1106 2378 ¹.

179 2456 216 2484 In
225 2456 348 2485 nomine
356 2455 489 2489 Domini,
505 2463 606 2483 amen.
621 2455 706 2483 Anno
717 2455 839 2483 Domini
850 2454 1104 2489 M⁰CC⁰XXX⁰IIIL

136 2620 162 2647 1.
180 2619 323 2653 Lucques,
341 2618 431 2652 <eglise
448 2617 660 2648 Saint-Martin,
678 2617 711 2645 ς26
722 2618 819 2653 juillet
836 2617 914 2645 1234.
929 2632 964 2638 —
979 2617 1017 2644 Le
1033 2618 1108 2652 legat

1231 395 1398 423 indictione
1416 396 1473 430 VII,
1492 395 1538 423 dic
1555 396 1672 432 1'ljutii
1685 397 1831 432 esceuntis,¹
1849 397 2018 425 coadunato
2031 397 2109 426 clero
2123 398 2197 426 civi-

1232 447 1304 475 tatis
1319 447 1436 475 Lucane
1449 448 1479 475 in
1497 449 1617 477 ccclesia
1633 450 1710 477 beati
1726 450 1864 481 Martini,
1882 451 2028 487 massister
2042 451 2148 479 Petrus
2163 450 2198 479 de

1235 500 1361 527 Varcino
1382 500 1501 528 domini
1520 510 1594 538 pape
1613 503 1743 539 scriptor
1766 503 1897 539 quesivit
1916 504 1951 531 ab
1968 504 2010 531 eis
2029 504 2056 531 si
2075 512 2196 540 compo-

1229 556 1354 580 suerant
1366 561 1394 580 se
1407 562 1474 580 cum
1494 554 1634 589 Lucanis,
1649 556 1727 583 sicut
1741 565 1794 592 per
1811 556 1936 584 nuntios
1951 556 2004 593 qui
2020 556 2059 584 ad
2074 557 2197 585 curiam

1230 609 1416 632 accesserant
1436 607 1624 634 asserebatur
1641 607 1672 634 in
1694 608 1802 635 litteris
1822 608 1942 636 domini
1961 616 2054 645 pape,·
2077 608 2117 636 ad
2139 617 2196 645 que

1188 675 1193 680 -
1230 658 1434 685 communiter
1454 658 1673 695 rcspomlerunt
1689 660 1767 696 quod
1786 669 1887 688 verum
1906 665 1969 689 erut
1988 665 2013 689 ct
2032 661 2196 697 apparebat

1228 718 1282 746 per
1296 709 1450 746 publicum
1474 711 1725 740 instrumentum.

1269 763 1375 791 Actum
1404 763 1433 791 in
1460 765 1579 791 ecclesia
1599 765 1676 793 beati
1698 766 1826 794 Martini
1847 775 1946 794 coram
1970 767 2073 803 priore
2096 767 2196 796 sancti

1232 815 1312 843 Petri
1339 816 1463 852 Majoris
1481 821 1506 844 et
1522 817 1625 853 priore
1642 819 1740 845 sancti
1759 818 1904 847 Frcdiani
1922 824 1947 847 et
1966 820 2059 855 hujus
2076 820 2119 847 rei
2139 824 2196 848 tes-

1232 867 1311 895 tibus
1327 868 1452 903 rogatis.

1271 920 1329 956 qu
1343 921 1518 949 Brunacius
1531 922 1692 957 apostolica
1709 924 1889 952 auctoritate
1902 925 2042 952 'notarius
2060 925 2121 953 hiis
2134 933 2195 953 om-

1232 973 1320 1001 nibus
1349 973 1479 1008 interfui
1507 979 1532 1001 ct
1561 974 1594 1001 de
1623 975 1765 1003 mandato
1788 976 1919 1012 predicti
1945 978 2085 1014 nuzyistri
2113 978 2197 1006 Petri

1230 1026 1339 1062 scripsi
1357 1031 1383 1054 ct
1402 1027 1431 1054 in
1448 1027 1600 1063 publicam
1617 1028 1747 1062 formam
1765 1029 1872 1065 rcdeyi.

1189 1209 1378 1239 CCLXVII.
1407 1227 1444 1231 —
1472 1211 1725 1240 INSTRUMENTUM
1750 1221 1787 1241 DE
1814 1221 2022 1243 CONFESSIONE
2049 1222 2193 1243 Pnscht

1233 1263 1394 1292 Bssnmnm
1413 1271 1495 1297 Quon
1514 1273 1531 1292 A
1551 1272 1642 1293 DICTO
1660 1272 1817 1294 msoisrno
1837 1265 1944 1295 Ρετηο
1965 1275 2079 1295 οΑεΤιιΑ
2099 1275 2195 1296 necn-

1230 1325 1329 1345 PERAT
1344 1325 1518 1345 ANTEDICTA
1532 1318 1552 1346 ¹.

1269 1430 1306 1458 In
1320 1430 1441 1458 nominc
1454 1431 1586 1465 Domini,
1599 1439 1698 1458 amen.
1710 1432 1730 1459 A
1737 1439 1798 1459 nno
1808 1432 1931 1459 Domini
1941 1431 2194 1466 chss'n’ulll,

1231 1483 1396 1511 indictione
1421 1483 1484 1517 VII,
1510 1483 1556 1511 (lie
1576 1483 1611 1511 Π
1631 1484 1757 1511 octobris
1777 1484 1939 1519 intrantis,
1961 1485 2106 1513 dominus
2124 1486 2197 1513 Ber-

1229 1535 1348 1563 nartius
1362 1536 1529 1564 canonicus
1543 1536 1740 1564 Florentinus
1754 1538 1904 1572 confessus
1918 1541 1959 1565 est
1974 1546 2003 1566 se
2020 1539 2162 1574 recepisse
2178 1547 2196 1566 a

1229 1588 1376 1624 mayistro
1393 1589 1478 1617 Petro
1497 1588 1530 1616 de
1554 1589 1681 1617 1’arei110
1696 1589 1815 1618 domini
1829 1598 1905 1627 pape
1920 1591 2065 1627 scriptore
2081 1599 2196 1628 posses-

1229 1642 1343 1671 sionem
1359 1642 1457 1671 Castri
1472 1642 1550 1670 Novi
1565 1647 1590 1670 et
1607 1643 1701 1671 castri
1717 1643 1751 1671 de
1765 1643 1920 1679 Aquilam,
1941 1644 2063 1672 nomine
2075 1644 2196 1673 domini

1227 1703 1303 1732 pape
1325 1699 1351 1723 et
1377 1695 1493 1723 ecclesie
1513 1696 1644 1724 Romane
1667 1695 1706 1724 ad
1729 1696 1975 1730 custodiendum,
2002 1702 2028 1725 et
2052 1697 2196 1734 promisit

1229 1747 1323 1775 eidem
1342 1749 1490 1784 mayistro
1511 1748 1598 1776 Petro
1613 1748 1694 1777 dicta
1708 1754 1808 1778 castra
1824 1749 1893 1778 bene
1908 1750 2058 1778 custodire
2073 1750 2198 1779 domino

1227 1809 1304 1837 pape
1322 1801 1412 1829 donec
1425 1802 1578 1838 placuerit
1593 1802 1716 1830 domino
1730 1811 1816 1839 pape.

1269 1855 1377 1883 Actum
1396 1855 1427 1883 in
1445 1855 1579 1884 claustro
1593 1856 1693 1884 sancti
1713 1856 1868 1891 Pontiani,
1885 1865 1985 1885 coram
2003 1857 2104 1886 abbate
2123 1857 2196 1886 Gre-

1229 1908 1314 1944 qorio
1329 1908 1460 1945 ejusdem
1482 1909 1675 1943 monasterii,
1693 1909 1822 1946 dompno
1837 1909 1934 1946 ayone
1946 1910 2049 1947 priore
2062 1910 2196 1947 ejusdem

1229 1961 1346 1989 ecclesie
1357 1983 1363 1994 ‚
1394 1961 1524 1998 dompno
1559 1961 1662 1989 Jacobo
1699 1962 1870 1990 camerario
1898 1963 2029 1999 ejusdem
2065 1963 2195 1997 ecclesie,

1229 2013 1359 2051 dompno
1369 2014 1540 2050 Ait-qustino
1550 2014 1666 2050 clerico,
1683 2018 1708 2042 et
1725 2014 1855 2052 dompno
1869 2015 1991 2051 Stesano
2003 2020 2030 2044 et
2043 2016 2136 2052 hujus
2151 2016 2198 2045 rei

1229 2067 1330 2103 roqati
1342 2071 1414 2095 sunt
1430 2071 1521 2095 testes.

1250 2119 1309 2156 Eyo
1325 2120 1499 2148 Brunacius
1514 2120 1677 2157 apostolica
1694 2121 1875 2149 auctoritate
1893 2122 2035 2150 notarius
2056 2122 2117 2149 lziis
2133 2130 2198 2150 om-

1230 2172 1321 2200 nibus
1346 2173 1477 2207 interfui
1505 2177 1531 2201 et
1557 2172 1592 2200 de
1618 2172 1762 2201 mandato
1789 2174 1934 2210 mayistri
1959 2174 2042 2202 Petri
2064 2174 2197 2211 predicti

1229 2226 1339 2262 scripsi
1352 2230 1378 2254 et
1399 2226 1430 2253 in
1444 2225 1597 2262 publicam
1611 2227 1745 2261 sormam
1758 2225 1869 2262 redegi.

1192 2421 1290 2448 Pieri-e
1310 2422 1344 2448 de
1363 2421 1486 2448 Van-cino
1505 2422 1556 2448 fait
1575 2422 1702 2449 decim-e«-
1721 2431 1777 2448 aux
1798 2422 1889 2449 clercs
1907 2423 1941 2449 de
1959 2423 2094 2458 Lucques
2111 2423 2197 2458 qu’ils

1190 2479 1222 2497 se
1237 2474 1305 2497 sont
1319 2473 1457 2505 arranges
1471 2479 1541 2498 avec
1556 2471 1582 2497 la
1597 2479 1761 2500 commune.

1228 2521 1252 2546 1.
1276 2519 1428 2553 Lucques,
1450 2520 1559 2553 abbaye
1577 2519 1611 2545 de
1629 2519 1867 2552 Saint-Pontien,
1890 2520 1905 2548 6
1926 2521 2042 2548 octobre
2064 2521 2142 2548 1234.
2163 2536 2197 2540 —

1191 2567 1337 2599 Bet-nard,
1354 2568 1495 2594 chanoine
1511 2567 1545 2593 de
1562 2567 1717 2599 Florence,
1739 2568 1828 2603 prend
1844 2577 1879 2594 en
1895 2568 1983 2603 garde
1997 2568 2039 2595 les
2055 2569 2196 2595 chixteaux

1190 2616 1225 2642 de
1241 2615 1337 2642 Castel
1352 2615 1456 2642 Nuovo
1472 2619 1500 2642 et
1514 2615 1688 2650 d’Aquilata.
1704 2631 1737 2635 —-
1754 2616 1938 2644 Rsscsspsnsm
1953 2617 2010 2644 cod.
