2392 3571
631 356 680 385 LE
704 356 849 387 LIBER
870 356 1102 387 CENSUUM
1125 357 1179 386 DE
1202 349 1387 388 L'EGLISE
1409 358 1617 390 ROMAINE.

125 430 135 444 ι
158 421 221 454 ejus
238 421 396 447 tenimento
410 421 437 447 in
454 424 544 447 totum
561 422 603 448 vel
619 422 646 448 in
666 426 783 456 partem.
800 422 881 454 Quod
897 423 921 449 si
938 431 1023 449 secus
1034 423 1086 449 sac-

123 478 136 493 n
159 472 217 495 tum
235 473 279 496 est
294 470 336 495 vel
352 470 411 500 fiet,
428 471 598 496 auctoritate
613 470 720 496 domini
736 478 806 505 pape
820 479 931 497 omnem
947 470 1087 497 venditio—

124 527 137 542 »
161 525 243 549 nem,
267 518 448 544 donationem
469 522 496 545 et
518 519 756 553 permutationem
778 519 926 546 denuntiat
946 520 1039 546 irritas
1060 522 1088 545 et

125 577 138 590 υ
160 567 261 593 inanes
281 571 309 593 et
329 567 422 594 irritat:
442 576 491 594 eas
511 569 680 594 auctoritate
703 568 839 603 predicta,
861 573 888 595 et
904 570 986 603 juxta
1006 578 1087 595 man-

126 626 138 638 ι)
161 614 258 641 datum
275 616 465 650 apostolicum
483 616 542 642 vult
558 616 633 650 quod
650 616 676 642 in
693 617 819 650 quolibet
839 617 1030 651 predictorum
1048 618 1087 644 lo—

125 675 137 688 »
159 672 258 691 corum
280 664 329 691 fiat
349 664 384 691 de
406 665 460 691 hoc
483 663 629 699 publicum
654 665 887 691 instrumentum.
906 676 918 689 ι)
939 666 1040 692 Actum
1058 666 1086 692 in

124 713 232 747 prefata
248 713 369 739 ecclesia
386 713 479 739 sancti
499 712 645 739 Laurentii
669 716 749 739 extra
772 722 886 745 muros,
905 714 1087 749 presentibus

123 761 238 787 domino
255 760 367 794 Angelo
384 761 477 795 priore
494 760 594 786 Sancti
610 761 714 794 Angeli
732 760 933 795 Piscivendoii,
947 762 1087 796 Gregorio

124 809 264 835 canonico
288 812 388 835 sancte
412 808 500 834 Marie
524 809 550 834 in
578 808 630 834 Via
656 809 732 840 Lata,
759 809 959 837 Bartholomeo
985 811 1088 837 clerico

124 861 289 884 sanctorum
306 856 425 889 Quiricii
441 860 469 883 et
483 856 597 888 Jolitte,
616 858 701 884 Petro
718 857 790 884 Pazo
805 858 907 884 clerico
923 863 1088 885 sanctorum

123 906 341 941 Apostolorum,
359 905 443 932 Petro
461 904 573 931 Bet-aldi
588 905 691 932 clerico
713 907 803 933 sancti
819 906 927 933 Nicolai
942 907 970 933 in
987 906 1087 934 Calca-

124 955 180 986 ria,
207 958 234 981 et
259 954 404 989 Stephano
428 954 532 981 clerico
556 955 669 980 sancti¹
696 955 881 989 Apolenaris‚
907 958 935 982 et
957 956 1087 990 pluribus

123 1003 198 1030 aliis.

158 1052 194 1078 Et
212 1060 266 1086 ego
286 1051 436 1087 Bonaspes
456 1051 610 1078 Gniduccii
631 1051 666 1078 de
686 1051 820 1084 Pei-usic,
838 1053 994 1087 apostolice
1010 1053 1088 1080 sedis

123 1101 293 1128 auctoritate
303 1101 441 1133 notarius,
454 1100 579 1131 lectioni,
593 1100 788 1134 publicationi,
801 1101 951 1136 prescripti
965 1102 1088 1129 mandati

120 1150 236 1176 interfui
262 1152 290 1175 et
315 1152 346 1175 ut
371 1156 458 1184 supra
482 1148 589 1182 legitur
613 1148 745 1175 mandato
774 1149 915 1176 dictorum
945 1153 1088 1177 rectorum

124 1197 227 1232 scripsi
244 1201 272 1224 et
286 1200 404 1232 rogatus
420 1198 449 1224 in
466 1197 607 1232 publicam
624 1197 742 1224 formam
760 1198 868 1233 redegi.

90 1349 248 1388 [CCCVIIJ.
269 1364 304 1371 —
324 1350 366 1377 DE
388 1358 506 1378 nom-:1112

159 1453 192 1479 In
209 1453 325 1479 nomine
346 1453 453 1479 domini
473 1453 562 1480 nostri
578 1453 649 1480 Jesu
666 1453 788 1487 Christi,
806 1463 899 1482 amen.
918 1455 1001 1482 Anno
1018 1456 1090 1482 nati-

126 1502 221 1528 vitatis
241 1501 373 1536 ejusdem
395 1501 617 1534 MoccoLXfflo,
639 1503 793 1529 indictione
813 1508 910 1537 sexta,
930 1513 1026 1531 mense
1042 1506 1089 1539 ja—

126 1551 236 1581 nuario,
261 1550 307 1576 die
332 1549 464 1576 XXVIII
489 1551 622 1583 intrante,
648 1551 829 1586 pontificatus
850 1552 957 1579 doinini
982 1552 1089 1580 Urbani

125 1607 197 1634 pape
219 1599 276 1626 1111
299 1607 372 1625 anno
397 1599 536 1627 secundo.
563 1599 742 1627 Venerabilis
765 1604 845 1635 pater
864 1602 997 1628 dominus
1019 1602 1089 1629 Ric-

125 1647 230 1675 cardus
241 1648 333 1674 sancti
342 1647 447 1682 Angeli
458 1647 599 1674 diaconus
612 1648 765 1675 cardinalis
775 1651 881 1684 recepit
893 1651 999 1676 litteras
1010 1659 1089 1685 apos-

125 1698 226 1724 tolicas
249 1697 393 1732 integras,
416 1705 471 1723 non
495 1697 607 1724 vitiatas
627 1698 655 1724 in
677 1698 771 1732 aliqua
793 1699 837 1725 sui
860 1702 952 1733 parte,
969 1707 1089 1734 quarum

125 1745 342 1778 continentiam,
358 1754 411 1780 ego
427 1745 596 1772 scriniarius
610 1747 736 1780 presenti
752 1747 854 1782 pagine
871 1748 984 1783 scripsi,
1003 1748 1089 1775 nichil

125 1794 237 1821 minuto
259 1795 302 1820 vel
322 1794 355 1820 ad
363 1794 395 1828 [d]
403 1795 441 1820 ito
457 1797 486 1820 et
506 1797 550 1821 est
565 1795 630 1821 talis
647 1805 652 1821 :
670 1806 682 1819 u
703 1795 855 1829 Urbanus,
875 1808 887 1821 »
905 1800 933 1824 et
948 1800 1042 1823 cetera
1059 1800 1089 1824 ut

126 1851 213 1877 supra
233 1843 261 1869 in
282 1843 373 1877 prima
397 1851 489 1877 usque
513 1854 524 1866 «
547 1843 685 1871 secundo.
710 1855 723 1868 n
745 1844 878 1872 Ceterum
895 1846 921 1872 in
946 1846 1090 1880 presentia

126 1892 182 1919 mei
202 1892 344 1918 scriniarii
365 1895 392 1919 et
412 1893 530 1919 testium
554 1892 784 1927 subscriptorum
800 1894 835 1920 ad
855 1894 910 1921 hoc
928 1895 1090 1929 specialiter

126 1943 291 1967 vocatorum
322 1944 349 1967 et
379 1944 542 1975 rogatorum
578 1941 712 1968 dominus
741 1941 915 1969 Benedictus
941 1944 1090 1978 presbyter

125 1992 155 2016 et
178 1989 302 2016 clericus
332 1990 454 2016 ecclesie
482 1989 575 2016 sancti
600 1989 744 2017 Laurentii
774 1991 807 2016 de
837 1991 1038 2019 Mundezinriis
1063 1996 1090 2019 et

126 2037 261 2064 dominus
284 2037 503 2064 Bartholomeus
529 2038 652 2064 clericus
676 2039 797 2065 ecclesie
824 2044 922 2066 sancte
949 2040 1035 2066 Mario
1055 2041 1089 2067 de

126 2086 214 2113 Portu
237 2087 271 2112 de
288 2085 377 2117 Urbe,
396 2086 524 2112 Romane
546 2087 734 2113 fraternitatis
755 2092 882 2114 rectores
898 2089 924 2114 in
942 2088 1029 2119 Urbe,
1047 2089 1090 2115 Ie-

126 2138 231 2170 gerunt
251 2135 279 2161 in
303 2135 425 2169 quadam
441 2135 542 2161 cedula
563 2135 590 2161 in
609 2136 725 2162 basilica
746 2140 845 2162 sancte
867 2137 954 2163 Marie
974 2137 1090 2171 Majoris

125 2184 239 2219 publice
254 2184 283 2210 in
301 2183 410 2218 pulpito
426 2184 591 2210 mandatum
606 2184 726 2218 predicti
743 2184 894 2211 cardinalis
914 2186 999 2219 cujus
1020 2193 1089 2211 con-

126 2233 246 2259 tinentia
269 2233 333 2258 talis
351 2236 411 2259 erat
435 2244 440 2258 :
465 2243 475 2255 n
498 2232 613 2258 Mandat
638 2233 772 2259 dominus
795 2242 865 2268 papa
887 2233 1001 2260 domino
1022 2234 1090 2261 Ric-

125 2291 139 2307 υ
161 2281 247 2308 cardo
264 2281 362 2307 Sancti
377 2281 480 2315 Angeli
499 2281 618 2308 diacono
641 2281 777 2308 cardinali
791 2282 866 2316 quod
882 2291 948 2308 cum
964 2287 1089 2309 castrum

128 2340 140 2354 n
161 2329 267 2355 Juliani
286 2340 298 2353 u
315 2333 342 2355 et
358 2333 452 2355 cetera
472 2333 502 2356 ut
517 2337 603 2363 supra
618 2330 646 2355 in
668 2330 796 2364 proxima
817 2330 978 2364 precedenti
1001 2338 1090 2365 usque

129 2387 142 2402 u
163 2377 307 2412 publicum
323 2378 559 2405 instrumentum.
573 2390 584 2401 u
596 2377 680 2404 Unde
695 2378 814 2412 predicti
827 2382 952 2404 rectores
966 2379 1090 2405 auctori-

127 2429 184 2452 tate
195 2425 302 2452 domini
314 2429 342 2452 et
353 2426 472 2460 predicti
485 2426 591 2452 domini
603 2425 756 2452 cardinalis
770 2426 924 2460 predictam
941 2426 1091 2453 denuntia-

127 2475 232 2501 tionem
250 2479 278 2500 et
295 2474 493 2500 inhibitionem
511 2475 538 2500 in
554 2474 628 2500 dicta
646 2474 761 2500 basilica
774 2474 854 2500 beate
871 2474 958 2500 Marie
974 2475 1091 2509 MaJoris

127 2524 256 2550 fecerunt
270 2528 299 2550 ut
315 2523 451 2558 superius
466 2527 509 2549 est
526 2526 679 2554 narratum,
697 2531 792 2549 coram
809 2531 853 2549 me
870 2523 1048 2550 scriniarium
1064 2528 1092 2551 et

126 2573 251 2599 testibus
272 2573 483 2606 infrascriptis;
512 2572 586 2598 unde
610 2575 710 2606 rogatu
733 2572 924 2607 predictorum
949 2577 1090 2599 rectorum

127 2622 231 2656 scripsi
246 2627 274 2647 et
291 2621 434 2655 publicavi
451 2622 521 2647 etin
539 2620 679 2655 publicam
695 2621 814 2647 formam
832 2621 931 2655 redigi.

164 2669 271 2696 Actum
294 2669 322 2695 in
345 2668 440 2700 Urbe,
462 2669 489 2694 in
512 2669 587 2695 dicta
610 2669 725 2695 basilica
748 2669 827 2695 beate
848 2669 935 2695 Marie
956 2669 1089 2704 Majoris,

129 2851 153 2876 1.
169 2850 230 2876 Cod.
248 2852 356 2875 sancte.

126 2898 153 2925 2.
170 2898 273 2930 Rome,
290 2898 324 2924 28
337 2898 449 2932 janvier
466 2896 544 2924 1263.
561 2911 594 2917 -
611 2896 664 2923 Les
680 2900 809 2924 recteurs
821 2897 859 2924 du
873 2898 967 2933 clei-ge
980 2899 1089 2926 romain

2103 362 2167 392 567·

1201 432 1289 455 anno,
1312 423 1482 456 indictione,
1505 434 1618 459 mense,
1642 426 1703 459 die,
1726 428 1904 462 pretitulatis.
1931 429 2071 456 Dominus
2094 430 2158 457 Oli-

1201 471 1298 497 verius
1320 472 1468 506 presbyter
1492 476 1520 499 et
1541 475 1696 501 canonicus
1721 475 1796 502 dicte
1821 478 1940 504 ecclesie
1964 478 2044 504 beate
2067 478 2156 505 Marie

1201 519 1333 554 Majoris,
1351 520 1451 550 testis;
1475 521 1608 549 dominus
1631 524 1733 551 Petrus
1753 525 1787 550 de
1809 525 1882 552 Saxo
1903 527 2059 554 canonicus
2080 527 2156 554 dicte

1201 569 1332 601 ecclesie,
1355 569 1452 602 testis3
1475 569 1606 597 dominus
1630 571 1730 599 Petrus
1751 573 1786 599 de
1802 573 1886 600 Curia
1905 575 2062 602 canonieus
2082 576 2158 603 dicte

1201 617 1334 648 ecclesie,
1360 617 1463 651 testis;
1490 622 1516 644 et
1536 618 1668 646 dominus
1688 620 1882 648 Montanarius
1905 623 2059 650 canonicus
2083 624 2158 651 dicte

1201 665 1332 697 ecclesie,
1351 666 1442 692 testis.

1237 712 1271 739 Et
1294 721 1346 747 ego
1368 713 1504 740 Nicotaus
1529 715 1673 742 Benedicti
1690 722 1786 744 sancte
1803 718 1930 746 Romane
1946 721 2066 747 ecclesie
2086 721 2160 748 scri-

1203 761 1313 788 niarius
1329 762 1465 796 predictis
1481 764 1613 791 omnibus
1626 774 1743 799 presens
1759 767 1873 793 interfui
1891 772 1918 794 et
1934 772 1964 795 ut
1979 769 2110 803 legerunt
2124 769 2160 796 de

1203 810 1335 836 mandato
1351 811 1492 838 dictorum
1510 816 1650 840 rectorum
1666 815 1766 849 scripsi
1782 820 1809 842 et
1823 817 1963 850 publicavi
1979 822 2104 852 rogatus.

1171 963 1342 998 [CCCVIIH.
1371 979 1404 983 ——
1432 965 1490 992 Hoc
1510 974 1558 992 ns‘r
1578 975 1782 995 msrnnnex’rnn
1802 978 1835 995 ne
1855 979 2048 998 RKSIGNATIONE
2068 981 2161 1000 cnm

1202 1012 1346 1040 Fennoms
1362 1022 1394 1040 m·
1414 1022 1586 1047 vic-smmum,
1604 1024 1763 1044 mensumn
1783 1026 1954 1049 Amonunoue
1973 1029 2105 1048 monimen
2125 1031 2160 1048 m

1204 1069 1324 1087 CASTRUM
1344 1070 1421 1088 irsnn
1439 1070 1634 1095 SPEGTANTIUM,
1657 1072 1739 1090 mern
1758 1073 1808 1091 pan
1826 1075 1946 1094 DOMINUM
1966 1067 2108 1096 Niconmu
2126 1078 2161 1096 ns

1204 1109 1331 1135 Amerini
1348 1118 1474 1140 cuonem
1491 1119 1613 1137 neroum
1628 1120 1729 1138 rssmms
1744 1122 1953 1142 neconnssioms
1973 1125 2065 1143 nomm
2085 1118 2160 1144 Gne-

1203 1165 1276 1184 conn
1296 1166 1363 1183 mre
1383 1157 1476 1192 VIIII,
1493 1167 1535 1185 cm
1554 1168 1604 1186 pen
1623 1169 1745 1188 nomnen
1764 1161 1899 1189 Unmncn
1914 1172 2001 1190 PAPAM
2018 1164 2074 1191 1111
2094 1175 2162 1193 cou-

1202 1214 1301 1232 nisstJM
1322 1214 1424 1232 runnu·
1444 1215 1507 1233 IDEM
1527 1209 1678 1234 casm-nnn&

1238 1306 1270 1333 In
1288 1307 1401 1334 nomine
1417 1307 1523 1334 domini
1543 1309 1632 1335 nostri
1653 1309 1718 1336 Iesu
1735 1310 1857 1346 Christi,
1874 1321 1966 1340 amen.
1988 1315 2072 1341 Anno
2088 1316 2162 1342 nati-

1203 1355 1300 1382 vitatis
1315 1356 1445 1390 ejusdem
1462 1356 1646 1391 MCCLXIII,
1663 1360 1845 1394 pontificatus
1861 1361 1967 1388 domini
1983 1362 2091 1389 Urbani
2106 1363 2164 1390 1111

1203 1413 1275 1440 pape
1295 1413 1368 1431 anno
1385 1406 1530 1440 secundo,
1548 1407 1701 1434 indictione
1718 1412 1816 1441 sexta,
1840 1418 1938 1436 mense
1950 1411 2014 1445 julii
2032 1410 2101 1438 VIII
2118 1414 2164 1439 in-

1203 1456 1305 1480 trante.
1323 1453 1355 1479 In
1381 1455 1525 1487 presentia
1545 1456 1600 1481 mei
1621 1456 1722 1482 notarii
1746 1460 1775 1483 et
1795 1459 1911 1484 testium
1933 1459 2163 1495 subscriptorum

1203 1502 1289 1528 frater
1312 1502 1453 1529 Loffridus
1468 1511 1626 1530 conversus
1648 1503 1813 1532 Fossanove
1835 1510 1863 1533 et
1885 1508 2057 1535 castellanus
2080 1517 2164 1536 rocce

1204 1549 1372 1577 Fummonis
1389 1559 1438 1586 per
1448 1551 1594 1578 dominum
1610 1552 1759 1580 Nicolaum
1776 1554 1810 1580 de
1822 1555 1953 1589 Anagnia
1968 1557 2075 1584 domini
2091 1567 2163 1593 pape

1203 1600 1380 1634 capellanum
1393 1603 1421 1626 et
1435 1599 1605 1627 Leothorius
1617 1602 1809 1629 consobrinus
1824 1604 1953 1638 ejusdem
1967 1605 2074 1633 domini
2089 1608 2162 1634 resi-

1204 1652 1364 1681 gnaverunt
1380 1657 1491 1675 roccam
1508 1649 1674 1676 Fummonis
1691 1651 1805 1678 nomine
1820 1656 1848 1679 et
1863 1653 1924 1680 vice
1941 1655 2034 1688 ipsius
2054 1655 2162 1684 domini

1204 1696 1250 1723 cui
1271 1697 1332 1731 ipsa
1356 1705 1439 1723 rocca
1457 1698 1491 1723 ab
1514 1698 1671 1732 apostolica
1694 1699 1760 1726 sede
1776 1700 1811 1727 ad
1832 1702 2049 1730 custodiendam
2069 1705 2162 1733 fuerat

1204 1745 1372 1776 commissa,
1390 1754 1455 1772 cum
1472 1746 1558 1773 rebus
1574 1747 1693 1774 inferius
1710 1749 1863 1783 annotatis,
1880 1749 2010 1778 Buchino
2024 1754 2162 1781 servienti

1202 1793 1311 1821 domini
1341 1803 1411 1829 pape
1437 1795 1596 1822 secundum
1621 1796 1786 1824 mandatum
1809 1804 1955 1834 receptum
1982 1810 2032 1836 per
2054 1802 2164 1830 litteras

1204 1842 1312 1869 domini
1324 1851 1395 1878 pape
1408 1843 1515 1870 Urbani
1527 1844 1682 1879 supradicti
1698 1854 1818 1880 quarum
1832 1847 1988 1875 litterarum
2001 1854 2082 1877 tenor
2098 1852 2164 1879 talis

1203 1895 1263 1918 erat
1280 1902 1285 1917 :

1240 1951 1252 1963 «
1278 1940 1432 1968 Urbanus2
1454 1941 1608 1976 episcopus
1629 1951 1730 1969 servus
1751 1952 1899 1971 servorum
1915 1945 1967 1973 Dei
1987 1948 2090 1975 dilecto
2106 1949 2163 1976 filio

1203 1999 1216 2014 n
1239 1989 1355 2015 Nicolao
1371 1989 1406 2015 de
1422 1990 1552 2024 Anagnia
1564 1992 1709 2025 capellano
1725 1996 1831 2024 nostro,
1851 1995 1946 2028 nepoti
1959 1995 2050 2022 felicis
2066 2005 2164 2024 recor-

1204 2048 1216 2062 »
1239 2037 1361 2064 dationis
1388 2038 1518 2072 Gregorii
1546 2048 1615 2073 pape
1640 2040 1855 2074 predecessoris
1877 2043 1966 2069 nostri
1992 2045 2113 2072 salutem
2137 2049 2165 2073 et

1205 2097 1217 2111 »
1239 2086 1425 2120 apostolicam
1442 2087 1680 2114 benedictionem.
1704 2088 1775 2115 Cum
1796 2094 1912 2125 propter
1927 2092 2048 2126 quedam
2064 2102 2119 2128 que
2135 2096 2165 2122 jn

1206 2146 1218 2159 υ
1241 2135 1296 2161 hiis
1322 2134 1423 2161 diebus
1446 2135 1473 2161 in
1497 2135 1650 2170 Campania
1679 2138 1806 2171 partibus
1832 2145 2011 2168 emerserunt
2038 2147 2165 2170 castrum

1207 2195 1218 2207 n
1242 2183 1409 2210 Fummonis
1433 2184 1585 2218 Anagnine
1600 2185 1724 2212 diocesis
1745 2188 1830 2220 cujus
1853 2189 1981 2215 custodia
1998 2190 2047 2216 tibi
2070 2196 2115 2218 est
2129 2193 2163 2218 ab

1207 2244 1219 2256 ι)
1240 2232 1396 2266 apostolica
1412 2232 1480 2258 sede
1501 2234 1656 2260 commissa
1676 2234 1703 2260 in
1722 2236 1828 2261 nostris
1844 2237 1974 2263 manibus
1994 2239 2086 2265 modis
2103 2248 2166 2267 om-

1207 2293 1220 2305 n
1243 2282 1327 2307 nibus
1355 2281 1458 2307 habere
1490 2282 1626 2313 velimus,
1657 2282 1821 2310 discretioni
1851 2288 1898 2310 tue
1929 2294 1977 2319 per
2008 2289 2164 2321 apostolica

1208 2342 1220 2354 »
1241 2330 1347 2365 scripta
1363 2330 1416 2356 sub
1434 2338 1505 2364 pena
1521 2332 1611 2364 gratie
1628 2336 1724 2357 nostre
1741 2331 1869 2359 districte
1887 2335 2067 2368 precipiendo
2083 2345 2165 2363 man-

1208 2390 1220 2402 »
1242 2378 1343 2404 damus
1353 2379 1473 2412 qualiter
1483 2379 1577 2405 statim
1595 2379 1718 2414 receptis
1730 2381 1921 2414 presentibus,
1937 2383 2013 2408 sicut
2029 2384 2165 2412 honorem

1207 2438 1219 2452 »
1242 2431 1322 2454 tuum
1339 2427 1434 2461 diligis
1451 2432 1477 2453 et
1500 2427 1724 2461 indignationem
1745 2432 1868 2455 nostram
1886 2430 2031 2457 desideras
2047 2433 2164 2468 evitare,

1209 2489 1220 2500 n
1242 2480 1367 2503 castrum
1384 2477 1478 2510 ipsum
1494 2484 1558 2502 cum
1573 2477 1724 2507 frumento,
1738 2477 1812 2508 vino,
1825 2477 1920 2510 ordeo,
1935 2478 2009 2512 seno,
2027 2483 2082 2506 tam
2099 2490 2167 2515 pre-

1209 2537 1220 2549 „
1242 2524 1333 2551 sentis
1348 2524 1413 2550 anni
1429 2532 1512 2558 quam
1530 2525 1612 2550 etiam
1629 2525 1767 2559 preteriti,
1785 2526 1809 2551 si
1825 2534 1880 2560 qua
1895 2526 1930 2552 de
1942 2529 2074 2559 preterito
2090 2538 2164 2556 anno

1208 2706 1232 2732 1.
1249 2705 1342 2731 Oastel
1363 2704 1503 2738 Fumone,
1525 2704 1539 2731 8
1557 2705 1650 2738 juillet
1670 2704 1745 2731 1263.
1767 2719 1800 2724 ——
1820 2705 1974 2738 Muratori,
1991 2709 2066 2740 Ant..
2084 2713 2104 2736 t.
2120 2710 2164 2743 H,

1171 2763 1199 2789 p.
1216 2754 1278 2780 475.
1294 2767 1329 2773 —
1345 2753 1391 2779 An
1408 2761 1473 2778 nom
1489 2752 1523 2778 de
1539 2752 1654 2778 N1eolas
1669 2752 1828 2787 d’Anagni,
1845 2754 1983 2782 chatelain
1999 2764 2032 2782 en
2050 2757 2115 2785 titre
2131 2759 2166 2786 de

1171 2802 1265 2829 Castel
1280 2801 1408 2828 Fumone
1419 2822 1426 2835 ,
1448 2809 1496 2827 ses
1516 2801 1723 2835 mandataires‚
1744 2802 1817 2828 frere
1837 2801 1958 2829 Loffrido
1973 2808 2001 2830 et
2018 2804 2166 2842 Leuterio‚

1172 2853 1323 2877 remettent
1340 2850 1363 2876 la
1379 2850 1459 2884 place
1474 2851 1488 2876 a
1504 2848 1650 2882 Bucbino,
1666 2850 1809 2876 serviteur
1824 2850 1861 2876 du
1878 2860 1959 2886 pape.

1207 2899 1232 2925 ⁵2.
1249 2898 1328 2925 Cette
1344 2899 1434 2930 lettre,
1453 2898 1517 2924 bien
1531 2906 1586 2932 que
1601 2898 1711 2932 publiee
1725 2907 1774 2933 par
1787 2898 1934 2934 Mur-amri,
1950 2909 2019 2928 avec
2032 2902 2167 2931 l'ensem-

92 2943 236 2982 publient‚
253 2948 269 2973 a
285 2945 648 2980 Sainte-Marie-Majeure,
671 2945 696 2971 la
712 2947 897 2980 protestation
913 2946 951 2973 du
966 2947 1091 2974 cardinal

93 2994 230 3022 Richard.

1171 2947 1216 2974 bie
1227 2947 1265 2973 du
1277 2947 1499 2982 proces-verbal,
1515 2955 1549 2972 ne
1563 2947 1654 2981 figure
1667 2955 1718 2981 pas
1730 2947 1801 2974 dans
1816 2947 1956 2977 Potthast.
1970 2949 2029 2976 Elle
2042 2959 2169 2988 manque

1171 3004 1227 3022 aux
1244 2995 1394 3030 Registres
1409 2994 1545 3022 d’Urbain
1562 2994 1613 3021 IV.
