2392 3571
639 352 690 381 LE
712 351 858 380 LIBER
880 349 1113 380 CENSUUM
1137 348 1191 377 DE
1216 343 1401 378 L'EGLISE
1424 348 1633 378 ROMAINE.
2126 344 2186 375 429

139 420 219 453 Vivo,
245 427 321 456 quas
343 418 460 447 dudum
489 419 544 447 tibi
569 418 770 447 concessimus
797 422 824 445 et
853 416 1010 445 heredibus
1035 416 1097 443 tuis

133 481 203 501 cum
219 472 336 506 Insula,
355 472 544 507 CastelluciO,
561 476 587 500 et
604 475 700 499 terras
712 471 863 499 Johannis
880 470 1008 507 Paqani‚
1022 477 1097 506 quas

134 526 227 554 etiam
253 525 308 553 tibi
331 533 572 554 concesseramus
593 524 629 552 in
654 523 806 558 baronias,
832 527 1021 551 sacrosancte
1042 523 1098 551 Ro-

135 586 225 606 mane
241 578 374 612 ecclesie,
399 585 417 605 a
435 585 496 613 qua
516 576 670 613 predictas
690 580 787 604 terras
806 577 941 611 fatemur
956 579 982 603 et
997 582 1099 611 recoq-

134 618 287 659 noscimus
302 638 356 658 nos
371 629 492 664 habere,
512 629 548 657 in
560 633 738 665 perpetuum
755 627 947 656 concedimus
959 631 985 655 et
1003 627 1100 655 dona-

135 692 226 717 mus;
246 684 288 711 ita
305 687 405 710 tamen
421 681 501 718 quod
517 686 549 710 tu
566 685 593 709 et
610 680 729 708 heredes
753 681 798 708 tui
819 684 915 707 terras
933 680 1013 716 ipsas
1029 687 1099 707 cum

135 735 277 764 omnibns
292 733 490 770 pertinentiis
506 737 532 760 et
546 732 667 760 iuribus
679 732 744 760 suis
759 740 777 759 a
792 732 927 759 Romana
939 731 1101 759 dumtaxat

136 786 259 816 ecclesia
277 785 311 813 de
335 789 428 813 cetero
449 784 590 818 teneatis,
611 783 770 820 fidelitatis
791 783 850 811 sibi
870 783 995 819 prestito
1011 783 1101 810 iura-

137 842 248 872 mento,
265 837 428 866 servientes
443 836 539 865 eidem
555 836 588 864 de
605 836 690 873 ipsis,
707 840 798 872 prout
817 835 902 863 nobis
921 835 1036 863 servire
1059 839 1101 862 te-

136 891 306 919 nebamini.
323 890 364 919 Ne
379 898 448 919 vero
465 897 555 926 super
573 889 626 917 hoc
648 889 755 924 aliqua
776 888 868 925 possit
892 888 924 916 in
946 892 1102 924 posterum

136 943 287 972 dubitatio
301 943 448 977 suboriri,
464 946 633 979 presentem
648 945 767 970 cartam
786 949 882 968 aurea
900 940 982 968 bulla
999 944 1103 968 nostra

137 996 360 1025 communitam
377 995 432 1023 tibi
448 999 474 1022 et
489 993 648 1022 heredibus
667 993 728 1022 tuis
743 993 774 1021 in
792 993 999 1021 testimonium
1013 992 1103 1020 ditati-

138 1057 206 1076 mus
233 1047 464 1076 concedendam.
493 1047 593 1083 Hujus
619 1046 665 1074 rei
692 1050 774 1074 testes
804 1050 877 1073 sunt
903 1045 1103 1073 Theodoricus

141 1100 329 1129 Treverensis
352 1099 610 1136 archiepiscopus,
629 1097 780 1126 Berardus
793 1098 1034 1125 Panormitanus
1050 1106 1103 1125 ar-

139 1153 360 1189 chiepiscopus,
393 1140 713 1180 Conradus'Metensis
737 1150 906 1186 episeopus,
933 1149 1104 1186 imperialis

139 1205 208 1234 aule
219 1205 434 1239 cancellarius,
451 1212 546 1232 comes
558 1203 683 1238 Adolfus
698 1202 731 1230 de
745 1202 936 1237 Sowenbruc,
954 1202 1104 1230 Henricus

139 1267 235 1287 comes
261 1257 294 1286 de
322 1257 446 1286 Gemino
469 1257 560 1284 Ponte
585 1260 611 1284 et
635 1256 693 1284 alii
712 1256 828 1292 plures.
854 1256 960 1283 Actum
987 1259 1027 1283 est
1052 1255 1105 1283 hoc

139 1319 222 1339 anno
252 1310 482 1338 incarnationis
502 1309 628 1337 Domini
656 1309 819 1337 millesimo
849 1309 975 1343 CC⁰XV⁰‚
1003 1308 1105 1336 indic-

142 1364 222 1392 tione
246 1363 318 1395 [[ΙΙ,
346 1366 493 1399 reynante
518 1362 643 1390 domino
664 1361 822 1390 Frederico
846 1361 976 1389 secundo
997 1360 1106 1389 dlvina

139 1416 260 1451 facente
284 1415 387 1451 qratia
414 1415 621 1443 Romanorum
645 1422 712 1450 reye
738 1418 762 1442 et
789 1421 904 1450 semper
927 1417 1056 1449 aztyusto
1081 1417 1106 1441 et

140 1468 270 1504 ylorioso
292 1476 358 1504 reae
378 1467 501 1502 Sicilie,
525 1475 609 1495 anno
631 1467 760 1495 Romani
778 1467 866 1503 rcqni
891 1467 988 1503 ipsius
1006 1466 1105 1494 tertio.

142 1521 252 1549 Datum
275 1520 358 1557 apud
379 1520 537 1557 Spiream,
566 1528 648 1547 anno
673 1523 698 1547 et
723 1519 888 1548 indictione
908 1518 1104 1555 supradictis,

143 1573 251 1610 quinto
267 1572 336 1601 idus
349 1572 487 1601 octobris.

104 1769 262 1800 CLXXV.
278 1785 316 1790 -
330 1770 377 1798 De.
391 1769 630 1798 Pnovizwrlnns¹
648 1776 726 1801 Quos
743 1776 879 1798 noumus
895 1777 970 1797 PAPA
987 1776 1109 1797 naemei·

146 1831 185 1852 DE
201 1830 407 1852 coNFRSSIONE
427 1830 519 1850 Βεᾼτι
542 1821 641 1850 ΡΕΤΒι
664 1829 701 1849 ετ
721 1828 861 1849 ΒΑειωοΑ
877 1819 1001 1849 SANCTA
1016 1828 1108 1849 SANC—

146 1883 254 1905 Tonuu
265 1876 289 1902 2.

183 1993 240 2022 Hec
259 1997 331 2020 sunt
351 2001 407 2028 que
427 1991 570 2020 dominus
583 1999 663 2028 papa
680 1995 721 2019 est
739 1995 911 2027 recepturus
927 1991 962 2018 ab
980 1991 1043 2019 illis
1058 1991 1112 2027 qui

145 2050 250 2075 emunt
265 2046 479 2080 confessionem
495 2044 571 2072 beati
587 2044 683 2078 Petri,
708 2043 872 2071 secundum
894 2048 1021 2071 tenorem
1041 2052 1112 2079 pre-

148 2099 307 2128 teritorum
325 2097 503 2126 ementium.

186 2150 362 2187 Inprimis,
384 2149 518 2186 singulis
538 2149 726 2186 epdomadis,
750 2148 862 2185 ¹viqinti
882 2156 977 2176 unam
1003 2148 1111 2176 libram

148 2212 222 2232 cere.

188 2257 222 2284 In
239 2263 419 2292 unoquoque
442 2263 551 2289 mense,
572 2263 668 2282 unam
688 2253 882 2290 aquareciam
903 2253 960 2281 olei
975 2258 1000 2281 et
1017 2261 1111 2290 unam

151 2309 259 2337 libram
281 2308 406 2336 olibani.
430 2307 591 2336 Sciendum
612 2306 689 2343 quod
709 2307 738 2333 in
763 2306 930 2334 Nativitate
951 2306 1070 2333 Domini
1089 2310 1115 2333 et

150 2514 174 2539 1.
192 2512 229 2538 Le
245 2512 310 2537 tiu-e
326 2511 359 2536 de
375 2509 499 2536 seconde
510 2509 585 2535 main
599 2508 641 2535 Dss
652 2517 847 2540 mummium,
861 2512 928 2542 etc„
943 2513 987 2535 est
1002 2509 1117 2535 inexact

112 2570 147 2588 en
169 2569 201 2587 ce
224 2560 291 2594 qu'ss
312 2559 422 2592 adjoint
444 2558 469 2583 la
484 2557 626 2591 basilique
646 2557 748 2583 Sancta
768 2557 932 2583 Sanctorum
954 2559 969 2582 εὶ
992 2557 1061 2583 celte
1082 2557 1116 2583 de

113 2607 321 2636 Saint-Pim-re.
344 2605 424 2632 Dans
446 2606 472 2631 le
495 2608 588 2638 texte,
612 2604 684 2630 c'est
703 2605 836 2638 toujours
855 2604 1053 2631 Saint-Pierre
1068 2607 1116 2639 qui

114 2665 205 2692 paye;
227 2656 253 2681 le
272 2656 373 2681 Sancta
388 2654 553 2680 Sanctorum
572 2661 606 2679 ne
622 2653 714 2687 figure
730 2661 786 2686 que
803 2653 892 2687 parmi
909 2654 950 2678 les
965 2653 1116 2679 etablisse-

114 2709 209 2732 ments
224 2705 239 2730 ὲ
254 2703 304 2737 qui
320 2702 373 2728 i'on
391 2710 472 2736 paye.

150 2753 176 2780 2.
198 2751 245 2778 Un
266 2751 332 2777 titre
355 2751 389 2775 de
409 2754 484 2776 cette
505 2753 606 2775 teneur
622 2749 713 2782 figure
729 2749 809 2774 aussi
826 2748 897 2774 dans
918 2750 943 2775 le
964 2750 1069 2776 recueil
1086 2750 1120 2776 de

116 2801 150 2827 P.
166 2799 279 2826 Mallius
295 2801 332 2831 (c.
353 2798 422 2830 120).
440 2797 479 2823 La
491 2797 657 2823 confession
670 2797 704 2822 de
715 2796 923 2828 Saint-Pierre,
939 2797 1121 2824 c'est-a-dire

116 2850 143 2877 la
156 2849 321 2884 perception
334 2848 386 2872 des
400 2846 543 2872 offrandes
554 2853 610 2880 qne
621 2846 675 2871 l'on
687 2853 705 2879 y
717 2845 820 2876 saisait,
833 2846 901 2871 etait
911 2845 1062 2876 effen-mem
1081 2846 1122 2872 les

116 2897 248 2924 fermiers
264 2897 324 2929 (qui
338 2895 443 2926 emunt)
456 2895 569 2920 avaient
584 2901 687 2919 envers
703 2893 728 2918 le
743 2901 815 2927 pape
826 2897 854 2918 et
865 2893 990 2919 cei-taius
1005 2893 1122 2920 etablis-

117 2947 246 2972 sements
266 2943 318 2969 des
340 2941 512 2976 obligations
534 2941 604 2967 dont
626 2949 662 2967 on
685 2949 700 2966 a
722 2940 822 2966 dresse
845 2941 882 2966 ici
904 2949 941 2966 un
962 2941 1121 2975 cataiogue,

118 2991 220 3026 releve,
238 2999 272 3017 au
290 2991 384 3017 moins
400 2998 435 3016 en
452 2989 552 3024 pai-tie,
570 2997 620 3015 sui·
637 2989 678 3015 les
697 2988 811 3014 Ordines
827 2989 951 3014 Romani.

1217 414 1252 442 in
1267 415 1382 442 Pascha
1397 415 1529 452 predicte
1544 424 1607 443 cere
1627 415 1805 452 dupplicant
1826 414 2028 451 quantitatem
2046 418 2072 441 et
2087 413 2186 442 oliba-

1221 475 1293 495 num
1311 467 1466 495 similiter.

1259 519 1295 547 In
1311 518 1359 546 die
1374 519 1488 546 sabbati
1503 519 1537 547 de
1552 520 1641 554 Attis,
1658 520 1754 548 decem
1773 520 1866 547 libras
1878 528 1941 547 cere
1953 527 2009 556 pro
2021 519 2122 556 aqnis.

1260 571 1295 599 In
1316 570 1533 606 l’urificatione
1553 576 1653 599 sancte
1673 572 1782 606 Mar-ie,
1809 572 1905 600 decern
1927 571 2020 599 libras
2043 579 2106 599 cere
2125 578 2184 608 pro

1220 623 1354 651 candelis
1369 627 1395 650 et
1414 627 1485 650 11110‘
1500 624 1641 651 denarios
1652 632 1706 660 pro
1716 625 1838 660 junceis
1857 624 2054 652 vastarariis.

1260 675 1295 703 In
1313 675 1556 703 Annuntiatione
1575 676 1774 704 tantumdem.

1261 727 1298 755 In
1316 727 1484 755 Natinitate
1503 728 1703 755 tantumdem.

1262 779 1297 807 In
1315 779 1362 807 die
1377 779 1460 808 Jovis
1475 780 1581 813 sancti,
1602 788 1634 807 111
1651 780 1792 808 denarios
1805 781 1923 817 pondus
1940 781 2069 809 balsami
2091 789 2188 809 came-

1225 832 1309 859 rario
1325 840 1380 868 pro
1401 832 1542 859 crismate
1559 836 1584 859 et
1608 840 1699 860 unam
1722 833 1915 868 aquariciam
1939 834 1996 861 olei
2014 838 2039 861 et
2057 841 2099 861 xil
2119 841 2189 861 am·-

1221 884 1325 921 pullas
1348 884 1473 918 vitreas,
1500 892 1551 911 sex
1570 884 1699 920 majores
1721 888 1747 912 et
1767 893 1817 912 sem
1838 885 1987 920 minares,
2011 890 2037 913 et
2051 894 2102 913 sea·
2115 886 2191 920 san-

1225 945 1325 964 nones.

1263 989 1372 1017 Aeoliti
1388 988 1490 1016 debent
1509 988 1708 1017 indominica
1723 989 1902 1018 Palmarum
1915 990 1988 1018 duos
2001 991 2110 1018 solidos
2120 997 2191 1027 pro-

1224 1042 1429 1070 veniensium.

1264 1095 1299 1123 In
1320 1103 1503 1131 unaquaque
1518 1095 1646 1122 statione
1663 1095 1783 1130 quando
1798 1095 1928 1123 domnus
1946 1104 2024 1132 papa
2048 1096 2133 1124 vadit
2151 1095 2192 1124 ad

1224 1152 1363 1175 sanctum
1377 1148 1498 1175 Petrum
1518 1147 1624 1184 recipit
1636 1155 1674 1175 xi.
1689 1147 1799 1175 solidos
1808 1149 2055 1184 proveniensium
2071 1153 2096 1175 et
2113 1157 2192 1185 qua-

1227 1205 1296 1228 tuor
1317 1201 1495 1236 aquaricias
1517 1200 1639 1235 clareti,
1665 1209 1733 1228 cum
1753 1201 1923 1228 camerario
1945 1205 1971 1229 et
1996 1201 2190 1230 cancellario.

1229 1243 1354 1287 Quando
1376 1253 1458 1282 vadit
1475 1253 1514 1281 ad
1537 1261 1690 1289 vesperum
1709 1252 1788 1280 debet
1808 1253 1913 1281 habere
1926 1262 1985 1289 par
2000 1254 2188 1288 facularum,

1227 1315 1248 1335 11
1266 1306 1369 1340 libras,
1390 1306 1467 1334 etad
1485 1306 1607 1334 missam
1627 1314 1647 1333 11
1668 1306 1770 1333 libras.
1787 1306 1923 1333 Preterea
1943 1306 2058 1341 calices.
2079 1314 2192 1341 eruces,

1229 1358 1396 1393 tnrribnla,
1422 1359 1532 1386 bacilia
1557 1367 1651 1386 aurea
1674 1358 1737 1386 sive
1759 1362 1915 1393 arvenna,
1941 1362 1968 1385 et
1990 1359 2081 1386 etiam
2109 1367 2197 1387 omne

1227 1420 1341 1439 aurum
1359 1411 1447 1439 aliud
1468 1415 1494 1439 et
1514 1415 1673 1447 arqentum
1699 1411 1867 1438 laboratum
1881 1433 1887 1445 ,
1909 1410 2050 1445 camisos,
2073 1411 2195 1445 amitos,

1227 1464 1334 1499 stolas,
1354 1464 1542 1500 manipulos,
1563 1464 1744 1500 corporalia,
1764 1463 1977 1500 supercalices,
2000 1463 2198 1499 manuteryia

1228 1517 1262 1545 de
1283 1517 1482 1545 Allemannia
1503 1521 1529 1544 et
1551 1516 1665 1553 pallia,
1686 1524 1776 1552 super
1793 1524 1843 1544 sea:
1859 1516 1952 1544 libras
1975 1517 2198 1551 aforciatorum

1229 1578 1285 1606 que
1300 1569 1339 1597 ad
1354 1569 1452 1598 altare
1464 1569 1644 1604 offeruntur.

1270 1622 1355 1651 Sicut
1370 1622 1461 1650 etiam
1481 1621 1585 1650 inveni
1603 1622 1634 1650 in
1649 1621 1760 1658 scripto
1775 1621 1852 1656 alio,
1873 1621 1952 1650 debet
1969 1621 2075 1650 habere
2091 1630 2108 1649 a
2123 1621 2198 1656 festo

1229 1671 1329 1704 sancti
1346 1675 1483 1712 Gregorii·
1498 1683 1592 1710 usqne
1611 1673 1650 1702 ad
1671 1674 1856 1702 Pentecosten
1880 1674 2013 1710 sinqulis
2036 1674 2139 1702 diebus
2154 1681 2196 1702 xn

1230 1729 1373 1757 denarios
1390 1728 1549 1765 papienses
1570 1732 1596 1756 et
1617 1727 1778 1755 denarium
1801 1736 1856 1764 pro
1878 1727 2041 1764 implendis
2062 1727 2198 1763 fontibus

1231 1781 1313 1818 apud
1328 1786 1466 1809 sanetum
1483 1781 1653 1809 Johannem
1669 1780 1908 1808 Lateranensem.

1271 1958 1309 1986 In¹
1336 1957 1383 1985 die
1407 1958 1490 1986 Jovts
1513 1957 1613 1985 sancti
1639 1961 1665 1985 et
1690 1956 1737 1984 die
1768 1957 2023 1995 Venerissancti,
2046 1957 2201 1993 episcopus

1233 2014 1333 2038 sancte
1349 2010 1454 2046 Rufine
1467 2010 1639 2046 reeipitjus
1655 2009 1734 2046 quod
1752 2010 1907 2037 consuevit
1924 2009 2040 2043 habere,
2062 2008 2202 2037 videlieet

1234 2063 1361 2091 archam
1384 2067 1411 2091 et
1432 2063 1544 2097 altare,
1571 2071 1606 2090 ea:
1628 2071 1686 2099 quo
1701 2062 1847 2099 pulsatur
1859 2061 1898 2090 ad
1916 2060 2130 2099 ma[tu]tinum
2148 2069 2203 2089 us-

1235 2115 1365 2152 quedum
1383 2114 1496 2151 finitur
1510 2116 1657 2151 officium,
1673 2119 1701 2158 gt
1718 2123 1754 2142 eac
1776 2123 1833 2151 quo
1853 2114 1999 2151 pulsatur
2016 2114 2056 2142 ad
2076 2114 2203 2142 missam

1235 2176 1330 2204 usque
1343 2167 1382 2195 ad
1397 2168 1487 2204 finem
1506 2168 1610 2202 misse,
1629 2167 1713 2195 salro
1727 2168 1800 2204 jure
1819 2172 1979 2195 cantorum
1999 2167 2079 2203 quod
2093 2167 2203 2195 habent

1235 2221 1269 2249 in
1286 2220 1381 2248 altari
1397 2228 1465 2248 cam
1479 2220 1576 2248 eodem
1600 2220 1743 2256 episcopo.
1762 2219 1795 2248 In
1813 2219 1938 2248 Sabbato
1954 2219 2077 2254 Sancto,
2097 2228 2132 2248 ea·
2145 2228 2204 2256 quo

1233 2274 1379 2310 pulsatur
1390 2272 1429 2300 ad
1442 2273 1569 2308 offitium
1588 2273 1783 2300 matutinale.

1278 2450 1406 2478 Basilica
1429 2449 1540 2478 Sancta
1562 2449 1742 2477 Sanctorum
1769 2449 1874 2485 recipit
1897 2449 2030 2485 sinqulis
2054 2449 2205 2477 mensibus

1237 2511 1331 2530 ‘unam
1359 2502 1553 2538 aquariciam
1580 2501 1637 2529 olei
1663 2506 1690 2529 et
1712 2501 1823 2529 libram
1853 2510 1944 2529 unam
1972 2510 2045 2529 ecre.
2074 2502 2207 2530 Ecclesia

1237 2559 1411 2582 sanctorum
1434 2557 1506 2582 11110r
1525 2562 1616 2581 uttam
1641 2554 1836 2590 aquariciam
1858 2553 1914 2581 olei
1930 2558 1954 2581 et
1971 2562 2016 2581 ιω
2034 2553 2128 2581 libras
2143 2562 2208 2582 cere

1241 2608 1271 2635 in
1289 2607 1336 2634 die
1348 2607 1415 2641 festi
1432 2606 1603 2634 eorumdem
1617 2610 1803 2634 sanctorum.

1279 2658 1408 2686 Ecclesia
1422 2659 1521 2686 sancti
1537 2658 1696 2686 Clementis
1712 2658 1745 2685 in
1760 2658 1832 2692 festo
1847 2657 1976 2693 ejusdem
1994 2659 2092 2686 sancti
2108 2667 2207 2686 unam

1240 2711 1435 2747 aquariciam
1455 2710 1513 2737 olei
1530 2714 1556 2737 et
1572 2718 1600 2737 vt
1619 2709 1711 2737 libras
1727 2717 1789 2737 cere
1805 2714 1830 2737 et
1847 2709 1955 2737 libram
1970 2718 1978 2737 1
1991 2710 2118 2738 olibani.

1280 2763 1408 2791 Ecclesia
1425 2763 1525 2790 sancti
1537 2762 1695 2790 Pancratii
1712 2762 1741 2789 in
1758 2762 1830 2796 festo
1846 2770 1899 2789 suo
1915 2771 1923 2790 1
1937 2763 2131 2798 aquariciam
2149 2763 2208 2792 olei

1242 2819 1268 2842 et
1285 2823 1332 2842 1111
1349 2814 1443 2842 tito-as
1456 2822 1529 2842 cere

1283 2932 1317 2959 In
1332 2931 1456 2959 letaniis
1474 2931 1640 2967 maioribus
1650 2936 1676 2959 et
1695 2932 1726 2958 in
1740 2931 1880 2960 omnibus
1891 2933 2074 2961 stationibus
2084 2933 2210 2962 diaconi

1244 2984 1417 3012 cardinales
1431 2992 1449 3012 x
1464 2983 1575 3012 solidos
1587 2984 1850 3021 proveniensium.
