2392 3571
143 347 200 375 n40

185 411 291 443 rande,
319 409 494 437 hominibus
521 413 546 436 et
573 408 646 435 aliis
672 408 737 436 suis
759 408 966 444 pertinentiis,
995 407 1148 436 occasione

182 462 375 497 oblinationis
394 461 510 488 (lotium
529 465 717 488 nostrarum.
736 461 799 488 sive
817 460 970 488 occasione
984 460 1146 488 successio-

183 516 232 543 nis
266 516 310 543 vet
335 522 526 550 quacumque
553 513 615 541 alia
642 513 774 549 qualibet
803 514 956 541 occasione
984 513 1029 540 vel
1052 514 1143 549 jure,

183 567 391 597 constituendo
415 575 466 602 per
490 570 514 593 te
537 570 563 593 et
587 565 745 593 dominum
772 566 949 594 Alatrinum
974 565 1146 602 predictum

183 622 277 657 ipsam
303 619 456 646 ecclesiam
478 618 644 645 Romanam
667 618 908 654 procuratricem
932 622 1088 654 tamquam
1115 617 1147 645 in

185 680 244 700 rem
269 667 368 699 suam.
397 671 471 698 Item
499 670 720 705 confirmamus
745 675 770 698 et
794 678 847 706 per
878 671 983 698 omnia
1010 675 1147 706 accepta-

183 733 250 753 mus
268 724 486 753 venditionem.
510 724 686 757 cessionem,
707 724 924 759 refutationem
940 729 965 752 et
983 724 1147 752 concessio-

182 785 260 811 nem,
280 778 393 812 suetam
419 777 475 812 ipsi
498 776 621 804 domino
637 776 779 804 Alatrino
797 784 878 805 nunc
896 777 1004 805 rectori
1020 776 1148 805 ducatus

184 829 342 866 recipienti
367 837 422 865 pro
448 829 569 857 ecclesia
595 829 746 863 Romana,
778 838 831 866 per
853 829 991 857 dominos
1020 829 1148 864 Ofreclu-

182 883 276 915 cium,
295 882 467 917 Symonem.
489 885 515 908 et
538 881 615 909 alios
637 881 775 909 dominos
799 882 870 909 olim
898 882 931 910 de
951 882 1093 909 Miranda
1115 881 1148 909 de

184 936 244 971 ipso
261 939 358 962 castro
376 933 514 962 Mirande
536 938 561 961 et
584 934 780 970 pertinentiis
799 935 880 968 suis,
906 939 939 962 ut
959 934 994 962 in
1014 934 1149 971 predicto

181 991 339 1016 contractu
361 987 458 1023 ipsius
477 986 665 1014 venditionis
680 987 822 1023 superius
844 987 1026 1015 continetur.
1047 987 1080 1014 Et
1095 995 1148 1014 ‹re-

182 1041 350 1074 mittimns,
377 1040 561 1076 quictamus,
586 1040 758 1074 refutamus
777 1045 802 1068 et
822 1045 944 1076 pactum
967 1040 1100 1075 facimus
1116 1040 1149 1068 de

181 1102 243 1122 non
255 1093 389 1130 petendo,
408 1094 555 1129 omnejus
570 1093 647 1130 quod
664 1093 806 1121 habemus
825 1094 868 1121 cel
885 1094 990 1121 habere
1007 1093 1104 1121 videm
1112 1101 1150 1121 ur

182 1147 214 1174 in
232 1146 310 1174 dicto
326 1150 423 1174 castro
439 1150 464 1173 et
479 1146 675 1182 pertinentiis
694 1146 758 1174 suis
778 1146 929 1174 occasione
945 1146 1061 1174 dotium
1080 1154 1149 1173 nos-

184 1203 304 1227 trarum
329 1199 374 1227 'vel
395 1199 592 1227 successionis
613 1199 659 1226 vel
681 1199 745 1226 alia
762 1198 894 1234 qualibet
915 1198 1075 1226 occasione.
1095 1198 1149 1226 Re-

184 1252 358 1280 nuntiando
388 1251 557 1288 spetialiter
582 1251 654 1287 Juri
680 1251 894 1287 ypothecarum
923 1251 1065 1286 omnique
1092 1250 1150 1278 alii

183 1305 280 1341 lequm
299 1309 324 1332 et
340 1304 525 1332 decretorum
539 1304 670 1334 (amilio,
684 1304 767 1331 nobis
781 1304 811 1331 in
827 1304 880 1331 ltoc
892 1304 972 1338 facto
986 1303 1148 1337 coherenti⁷

181 1357 359 1394 competenti
375 1361 399 1384 et
415 1357 624 1392 competituro.
643 1356 715 1384 Item
732 1356 943 1392 promittimus
960 1356 1013 1383 titii
1029 1355 1151 1383 domino

183 1410 314 1439 Gerardo
335 1410 394 1437 rice
411 1414 435 1437 et
454 1410 576 1437 nomine
592 1409 667 1437 dicti
686 1409 806 1436 domini
829 1409 967 1436 Alani-int
990 1408 1151 1444 recipienti

180 1472 234 1500 pro
250 1463 370 1491 ecclesia
391 1462 523 1489 Romana
538 1461 616 1497 quod
633 1461 715 1489 nulli
733 1461 871 1488 dedimus
889 1469 939 1488 nec
951 1461 1150 1489 concessimus

175 1517 230 1552 jus
246 1520 381 1543 nostrum
396 1515 430 1543 ‹Ie
446 1515 524 1541 dieto
541 1519 637 1542 castro
656 1519 681 1542 et
695 1514 891 1550 pertinentiis
906 1514 991 1548 suis:
1011 1518 1036 1542 et
1052 1514 1079 1541 si
1094 1514 1150 1541 ali-

183 1577 241 1605 qua
266 1568 412 1596 concessio
431 1576 448 1595 a
471 1567 552 1595 nobis
572 1568 652 1602 facta
678 1567 783 1603 aliquo
806 1571 934 1603 tempore
950 1567 1148 1603 reperiretur,

182 1621 393 1658 promittimus
419 1628 471 1656 per
500 1628 552 1647 nos
576 1624 750 1655 nostrosque
777 1619 894 1647 heredes
917 1624 941 1647 et
969 1627 1150 1647 successores

180 1674 232 1702 sub
249 1673 430 1709 ol›li9at1'one
448 1677 620 1700 nostrorum
639 1673 784 1700 bonorum
805 1672 858 1699 titii
876 1672 999 1700 domino
1019 1671 1150 1700 Gerardo

180 1726 345 1762 stipulanti
366 1725 424 1753 eice
444 1724 563 1752 domini
580 1725 719 1752 Alatrini
735 1724 865 1761 predicti
881 1733 937 1761 pro
954 1724 1075 1752 ecclesia
1094 1725 1150 1753 Ro-

183 1787 286 1808 mana,
309 1778 403 1814 ipsam
426 1778 590 1805 Romanam
616 1777 767 1805 ecclesiam
792 1777 903 1805 nostris
920 1778 1057 1814 eaepensis
1078 1786 1149 1806 con-

181 1839 301 1859 servare
324 1830 526 1866 indempnem.
549 1830 643 1863 Quam
665 1829 829 1863 dationem,
847 1830 1018 1863 cessionem,
1038 1829 1151 1866 confir-

180 1884 356 1917 mationem,
379 1882 606 1916 concessionem,
627 1882 906 1915 renuntiationem,
926 1882 1146 1917 remissionem,

182 1935 394 1970 refutationem
420 1939 445 1961 et
466 1934 714 1971 promissionem,
735 1939 761 1962 et
779 1935 882 1963 omnia
908 1939 941 1963 ut
964 1935 998 1962 in
1018 1935 1152 1971 sinyulis

181 1988 324 2024 capitulis
338 1988 478 2024 superius
494 1988 699 2022 continentur,
719 1988 932 2024 promittimus
946 1997 999 2024 per
1014 1996 1065 2016 nos
1081 1996 1151 2016 nos-

184 2047 301 2077 trosque
323 2041 442 2069 heredes
463 2045 487 2068 et
511 2048 689 2068 successores
714 2041 766 2068 tibi
788 2041 1006 2076 prenominato
1029 2040 1152 2069 domino

185 2094 314 2123 Gerardo
335 2094 396 2121 vice
417 2098 442 2121 et
463 2094 587 2121 nomine
605 2093 678 2121 dicti
698 2093 818 2121 domini
835 2093 974 2121 Alatrini
992 2094 1152 2130 recipienti

180 2156 236 2184 pro
252 2147 371 2175 eeclesia
390 2147 523 2174 Romana
539 2146 691 2174 attendere
703 2168 709 2180 ‚
730 2145 886 2174 observare
905 2150 931 2174 et
949 2154 1008 2174 non
1029 2151 1152 2175 contra-

182 2201 286 2228 venire
303 2208 355 2235 per
372 2208 422 2227 nos
442 2199 484 2227 cel
500 2199 681 2227 submissam
697 2207 857 2235 personam
876 2199 983 2235 aliqua
999 2199 1152 2228 occasione

183 2254 229 2281 vel
245 2252 364 2288 frande⁷
384 2252 437 2279 sub
453 2251 634 2288 obligatione
652 2252 791 2280 omnium
810 2256 987 2280 nostrorum
1005 2251 1149 2280 bonorum

184 2310 209 2333 et
229 2311 318 2342 pena·
328 2305 362 2332 in
383 2305 588 2332 instrumento
611 2304 709 2341 ipsius
729 2304 917 2333 venditionis
940 2305 1052 2332 inserta
1064 2315 1074 2339 ,·
1092 2313 1152 2341 qua

183 2357 281 2385 soluta
297 2357 342 2385 vel
357 2357 515 2385 commissa
530 2357 576 2384 vel
590 2365 650 2384 non
665 2357 775 2393 soluta,
788 2356 927 2394 predicta
942 2357 1048 2385 omnia
1066 2361 1100 2385 ut
1118 2357 1152 2385 in

182 2410 315 2445 sinqulis
336 2410 480 2446 capitulis
501 2410 642 2446 superius
663 2410 861 2438 continentur
884 2410 918 2438 in
933 2417 990 2438 sua
1006 2415 1153 2439 maneant

183 2462 339 2498 firmitate.
365 2462 400 2490 Et
422 2462 461 2490 ad
485 2462 632 2498 majorem
652 2462 830 2498 firmitatem
856 2462 961 2491 omnia
981 2467 1007 2491 et
1027 2463 1153 2500 singula

182 2514 370 2551 supradicta,
385 2518 419 2542 ut
435 2515 464 2542 in
480 2514 613 2551 singulis
626 2515 771 2551 capitulis
787 2514 985 2543 continentur
998 2515 1153 2543 observare

183 2571 209 2595 et
224 2567 375 2595 attendere
391 2571 416 2595 et
433 2575 492 2595 non
508 2567 720 2596 contravenire
735 2568 888 2596 occasione
904 2567 1037 2596 minoris
1052 2568 1149 2603 etatis,

183 2620 229 2648 vel
244 2620 308 2648 alia
324 2620 455 2656 qualibet
471 2620 624 2648 occasione
640 2621 686 2649 vet
701 2620 823 2655 fraude,
842 2621 931 2649 tactis
949 2621 1153 2650 sacrosanctis

185 2672 350 2708 evangeliis
365 2672 730 2709 corporaliterjuramus.

224 2724 330 2752 Actum
351 2725 382 2752 in
400 2724 485 2752 domo
501 2724 621 2753 domini
636 2725 782 2754 Rainaldi
799 2725 949 2754 Gimundi
964 2726 998 2754 de
1013 2726 1148 2762 Narnia,

185 2776 371 2812 presentibus
390 2777 514 2805 domino
534 2777 686 2806 Leonardo
703 2778 832 2813 Scalchi,
857 2778 980 2807 domino
1001 2778 1153 2807 Gimundo

187 2828 345 2862 Leonardi⁷
362 2829 545 2857 Bartolomeo
563 2830 703 2865 Oderisii,
726 2831 850 2859 Dalento
867 2832 1016 2860 serviente
1033 2831 1153 2860 domini

188 2880 327 2907 Raincrii
351 2881 537 2915 cardinalis,
566 2881 707 2919 Philippo
730 2883 891 2918 Leonardi,
919 2884 1027 2919 Sforza
1052 2884 1147 2919 Eblii,

188 2931 309 2959 domino
327 2932 413 2960 Petro
426 2933 538 2968 Leonis,
556 2933 679 2962 domino
699 2934 850 2963 Leonardo
865 2935 1024 2970 Gimundi‚
1040 2941 1066 2964 et
1079 2936 1152 2965 aliis

144 2994 147 2996 ·
188 2983 328 3019 pluribus
343 2984 382 3011 ad
398 2984 450 3012 ltoc
467 2986 580 3013 vocatis
596 2991 621 3014 et
640 2987 752 3023 royatis
770 2987 902 3015 testibus.

690 343 739 371 LE
763 342 909 372 LIBER
931 340 1166 371 CENSUUM
1191 341 1245 370 DE
1268 336 1456 370 L’EGLISE
1480 341 1690 370 ROMAINE.

1310 405 1376 444 [3⁰]
1395 423 1433 426 —
1448 407 1578 443 Insuper
1594 408 1681 435 tertio
1697 407 1744 435 die
1759 408 1903 444 sequenti,
1923 408 2020 436 silicet
2043 409 2110 436 t'ttt
2124 408 2171 437 die
2189 410 2237 438 in-

1271 464 1370 487 trante
1387 468 1485 488 mense
1501 460 1612 496 aprilis
1628 460 1757 496 ejusdem
1776 461 1854 489 anni
1871 465 1896 489 et
1913 461 2103 496 indictionis,
2123 470 2175 490 nos
2191 462 2239 491 do-

1269 513 1357 540 mina
1372 512 1475 549 Sassia.
1495 521 1580 540 soror
1596 513 1715 541 domini
1733 513 1890 548 Osreducii
1908 518 1933 541 et
1949 514 2068 541 domini
2083 513 2236 550 Symonis,

1269 569 1295 593 et
1306 565 1431 593 domina
1443 565 1552 600 Maria,
1567 565 1634 601 lilia
1646 565 1928 602 dominiSymonis,
1939 575 2017 594 umor
2032 566 2151 594 domini
2163 566 2238 595 Bar-

1271 618 1420 652 tholomei,
1440 622 1466 646 et
1481 618 1606 646 domina
1625 618 1795 651 Diamante,
1809 618 1878 654 fitia
1894 618 2012 646 domini
2031 618 2196 654 Ofreducii,
2213 623 2239 647 et

1269 670 1394 698 domina
1408 670 1558 703 Aldruda,
1571 670 1637 706 filia
1650 671 1722 699 olim
1738 671 1858 699 domini
1874 671 2003 705 Huberti,
2022 671 2139 705 damus,
2157 671 2239 699 cedi-

1271 731 1354 757 mus,
1376 723 1567 751 concedimus
1585 728 1611 751 et
1629 723 1815 751 mandamus
1836 724 1890 751 tibi
1910 723 2033 752 domino
2055 723 2186 752 Gerardo
2203 723 2236 752 de

1268 776 1414 804 Ferraria
1427 776 1531 812 judici
1549 776 1705 812 Spoletani
1725 776 1854 804 ducatus
1871 784 1924 813 per
1942 776 2101 804 dominum
2121 776 2239 804 Alatri-

1270 836 1365 862 num,
1390 829 1452 857 vice
1475 833 1500 856 et
1524 828 1646 856 nomine
1667 829 1765 865 ipsius
1785 829 1904 857 domini
1923 829 2060 857 „itan-int
2080 828 2240 865 recipienti

1267 889 1322 917 pro
1340 882 1461 909 ecclesia
1478 882 1620 915 Romana,
1640 882 1747 909 omnia
1757 882 1834 917 jura
1848 890 2008 918 omnesque
2023 881 2155 909 actiones
2170 890 2239 909 rea-

1271 934 1321 967 tm,
1341 934 1524 970 personales,
1551 934 1649 967 utiles,
1673 934 1813 968 directas,
1834 935 1942 963 tacitas
1959 939 1985 962 et
2002 943 2165 971 expressas,
2183 942 2240 970 que

1271 991 1297 1015 et
1307 995 1382 1023 quas
1396 987 1539 1015 habemus
1551 987 1596 1015 vel
1607 986 1713 1014 haltere
1725 987 1876 1021 videmur,
1894 987 1955 1015 sire
1969 987 2055 1015 nobis
2068 991 2240 1024 competunt

1271 1041 1302 1068 in
1325 1044 1423 1068 castro
1444 1039 1599 1072 Mimnde,
1624 1039 1800 1067 nominibus
1820 1044 1846 1067 et
1866 1040 1938 1067 aliis
1959 1040 2024 1067 suis
2043 1039 2241 1076 pertinentiis

1269 1093 1421 1121 occasione
1442 1092 1638 1129 obliyationis
1659 1093 1778 1120 dotium
1802 1096 1982 1120 nostrarum
2005 1092 2068 1120 sive
2089 1091 2242 1120 occasione

1270 1145 1466 1173 successionis
1490 1144 1537 1173 vel
1560 1153 1752 1181 quacumque
1775 1145 1839 1173 alia
1864 1145 1996 1180 qualibet
2018 1144 2170 1172 occasione
2195 1144 2242 1172 vel

1270 1199 1348 1233 jure,
1370 1198 1580 1226 constituendo
1594 1206 1648 1234 per
1665 1202 1689 1225 te
1705 1202 1731 1226 et
1749 1198 1911 1226 dominum
1926 1197 2105 1226 Alatrinum
2119 1196 2241 1234 predic-

1273 1255 1338 1278 tum
1354 1250 1454 1286 ipsam
1469 1250 1620 1278 ecclesiam
1647 1250 1812 1279 Romanam
1834 1250 2075 1286 procuratricem
2093 1254 2240 1286 tanquam

1272 1304 1303 1331 in
1321 1311 1383 1331 rem
1398 1311 1499 1331 suam.
1512 1303 1585 1331 Item
1599 1303 1819 1339 confirmamus
1832 1307 1858 1331 et
1871 1312 1923 1341 per
1933 1303 2038 1331 omnia
2052 1307 2242 1339 acceptamus

1271 1356 1489 1389 venditionem,
1517 1356 1687 1391 cessionem,
1716 1356 1930 1391 refutationem
1958 1360 1984 1383 et
2011 1355 2240 1388 concessionem,

1270 1410 1382 1443 factam
1402 1409 1460 1445 ipsi
1476 1408 1599 1436 domino
1615 1408 1756 1437 Alatrino
1779 1417 1860 1437 nune
1886 1409 1995 1437 rectori
2016 1408 2144 1436 ducatus
2162 1408 2242 1436 reci-

1269 1462 1369 1498 pienti
1379 1470 1434 1498 pro
1450 1462 1572 1489 ecclesia
1585 1462 1721 1489 Romana
1736 1470 1789 1498 per
1804 1461 1943 1490 dominos
1960 1461 2167 1496 Osreducium,
2184 1460 2242 1498 Sy-

1271 1523 1392 1542 monem
1407 1519 1434 1542 et
1449 1515 1525 1542 alios
1541 1514 1679 1542 dominos
1695 1515 1770 1542 olim
1793 1514 1825 1542 de
1841 1514 1986 1542 Miranda
2007 1514 2040 1542 de
2063 1515 2125 1551 ipso
2145 1517 2243 1542 castro

1271 1567 1410 1595 Mirande
1426 1571 1451 1595 et
1464 1567 1662 1603 pertinentiis
1677 1567 1752 1600 suis,
1772 1571 1804 1594 ut
1823 1567 1852 1594 in
1869 1566 2002 1602 predicto
2017 1571 2175 1595 contractu
2193 1566 2242 1603 ip-

1271 1620 1336 1647 sius
1368 1619 1554 1647 venditionis
1584 1619 1727 1657 superius
1755 1619 1946 1654 eontinetur;
1978 1623 2004 1647 et
2036 1619 2240 1654 remittimus,

1272 1673 1404 1709 quietam
1412 1681 1454 1707 us,
1472 1673 1644 1707 refutamus
1660 1676 1686 1700 et
1700 1676 1825 1709 pactum
1842 1671 1975 1707 facimus
1990 1671 2024 1699 de
2039 1680 2098 1699 non
2119 1671 2244 1708 petendo

1271 1733 1358 1752 omne.
1382 1725 1436 1761 jus
1461 1724 1539 1761 quod
1564 1724 1707 1753 habemus
1732 1725 1776 1752 vel
1803 1724 1908 1752 habere
1938 1724 2081 1753 videmur
2107 1725 2136 1752 in
2165 1723 2243 1752 dicto

1272 1781 1370 1805 castro
1387 1782 1413 1805 et
1432 1777 1630 1814 pertinentiis
1648 1777 1726 1812 suis,
1749 1778 1903 1805 occasione
1927 1777 2044 1805 dotium
2064 1781 2243 1805 nostrarum

1273 1830 1319 1858 vel
1333 1830 1529 1858 successionis
1547 1830 1590 1858 vel
1608 1830 1671 1857 alia
1694 1829 1827 1865 qualibet
1846 1830 2009 1858 occasione.
2028 1827 2243 1857 Renuntiando

1271 1882 1441 1919 spetialiter
1450 1882 1521 1918 juri
1539 1886 1733 1918 ypotecarum
1747 1882 1890 1918 omnique
1906 1882 1964 1910 alii
1984 1882 2083 1918 leyum
2099 1885 2125 1909 et
2141 1881 2243 1909 decre-

1275 1940 1373 1963 torum
1392 1935 1512 1963 auaeilio
1529 1935 1611 1962 nohis
1629 1935 1659 1962 in
1677 1935 1729 1962 hoc
1748 1935 1825 1969 facto
1841 1934 2004 1968 coherenti,
2027 1934 2204 1970 competenti
2216 1937 2243 1962 et

1272 1988 1482 2024 competituro.
1501 1987 1575 2015 Item
1590 1987 1805 2023 promittimus
1823 1987 1877 2015 tibi
1893 1986 2016 2015 domino
2034 1986 2165 2015 Gerardo
2180 1986 2243 2014 ¹vice

1273 2045 1299 2068 et
1319 2041 1441 2068 nomine
1467 2040 1542 2068 dicti
1566 2040 1685 2068 domini
1709 2040 1846 2068 Alatrini
1867 2040 2028 2076 recipienti
2046 2048 2101 2076 pro
2120 2039 2244 2068 ecclesia

1274 2095 1409 2122 Romana
1421 2093 1499 2130 quod
1516 2094 1597 2121 nulli
1614 2093 1753 2121 dedimus
1769 2101 1821 2121 nec
1834 2093 2093 2129 concessimusjus
2106 2096 2244 2121 nostrum

1274 2148 1308 2176 de
1326 2147 1403 2176 dicto
1419 2152 1516 2176 castro
1531 2151 1556 2175 et
1573 2146 1772 2184 pertinentiis
1787 2146 1870 2180 suis,·
1888 2151 1914 2174 et
1931 2147 1958 2175 si
1973 2146 2081 2183 aliqua
2096 2145 2244 2175 concessio

1274 2209 1292 2228 a
1316 2200 1399 2229 nobis
1419 2201 1501 2236 sacta
1525 2200 1630 2236 aliquo
1655 2204 1784 2237 tempore
1811 2200 2006 2236 reperiretur,
2030 2200 2244 2236 promittimus

1271 2262 1325 2290 per
1342 2261 1396 2281 nos
1411 2257 1585 2289 nostrosque
1604 2252 1723 2281 heredes
1741 2257 1767 2280 et
1789 2260 1968 2281 successores
1988 2252 2042 2281 sub
2062 2252 2244 2289 obliyatione

1276 2310 1451 2334 nostrorum
1466 2306 1613 2334 bonorum
1632 2305 1687 2334 tibi
1704 2305 1826 2333 domino
1847 2305 1978 2334 Gerardo
1999 2305 2164 2342 stipulanti
2180 2305 2243 2334 vice

1274 2359 1393 2388 domini
1412 2359 1549 2388 Alatrini
1562 2359 1693 2396 predicti
1710 2367 1766 2396 pro
1782 2359 1904 2387 ecclesia
1919 2359 2056 2387 Romana
2074 2359 2171 2396 ipsam
2187 2358 2244 2387 Ro-

1274 2420 1402 2440 manam
1429 2412 1583 2440 eeclesiam
1609 2412 1721 2440 nostris
1743 2412 1879 2448 eoepensis
1902 2419 2080 2440 conservare
2103 2411 2244 2448 indemp-

1274 2473 1353 2493 nem.
1377 2464 1474 2498 Quam
1490 2464 1659 2498 dationem,
1682 2464 1852 2499 cessionem,
1878 2463 2152 2500 confirmationem»,
2172 2471 2244 2492 con-

1274 2517 1448 2552 cessionem,
1475 2517 1755 2551 renuntiationem,
1781 2516 2001 2552 remissionem,
2027 2517 2244 2552 refutationem

1274 2574 1301 2598 et
1315 2570 1561 2606 promissionem,
1580 2574 1605 2598 et
1619 2569 1725 2598 onmia
1742 2574 1777 2598 ut
1794 2569 1829 2597 in
1844 2569 1978 2606 sinyulis
1994 2569 2136 2606 superius
2151 2569 2244 2598 conti-

1273 2627 1389 2651 nentur
1401 2623 1615 2660 promittimus
1628 2631 1682 2660 per
1697 2631 1751 2651 nos
1766 2627 1941 2659 nostrosque
1959 2622 2078 2651 heredes
2088 2626 2114 2651 et
2129 2630 2244 2651 succes-

1274 2683 1353 2704 sores
1376 2675 1430 2704 tibi
1450 2676 1667 2712 prenominato
1689 2675 1813 2704 domino
1835 2675 1966 2704 Gerardo
1987 2676 2050 2704 vice
2072 2680 2098 2704 et
2120 2675 2244 2705 nomine

1274 2728 1350 2757 dicti
1362 2728 1482 2757 domini
1497 2729 1635 2757 Alatrini
1650 2728 1812 2765 recipienti
1827 2736 1884 2765 pro
1904 2728 2026 2756 ecclesia
2045 2728 2180 2757 Romana
2196 2732 2244 2757 at-

1276 2781 1402 2817 tendere,
1422 2781 1578 2810 observare
1589 2786 1615 2810 et
1629 2789 1690 2810 non
1703 2781 1915 2810 contravenire
1922 2789 1978 2818 per
1989 2789 2043 2809 nos
2057 2781 2103 2810 vel
2116 2781 2244 2810 submis-

1274 2841 1341 2862 sam
1353 2842 1517 2870 personam
1534 2834 1641 2870 aliqua
1663 2834 1816 2862 occasione
1840 2833 1886 2862 vel
1906 2833 2032 2869 fraude,
2056 2833 2109 2862 sub
2128 2834 2244 2870 obliqa-

1277 2886 1355 2914 tione
1368 2887 1509 2915 omnium
1522 2891 1699 2915 nostrorum
1710 2887 1858 2914 bonorum
1869 2890 1895 2914 et
1902 2894 1982 2923 pena
1995 2886 2028 2914 in
2038 2886 2244 2916 instrumento

1277 2939 1373 2975 ipsius
1389 2939 1576 2968 venditionis
1592 2939 1725 2973 inserta,·
1748 2946 1810 2975 qua
1829 2938 1929 2966 soluta
1950 2938 1996 2966 vel
2017 2938 2179 2967 commissa
2197 2938 2245 2967 vel

1275 2999 1338 3019 non
1353 2993 1461 3026 soluta,
1479 2991 1617 3028 predicta
1632 2991 1737 3019 omnia
1752 2995 1787 3019 ut
1802 2991 1836 3019 in
1850 2990 1984 3027 sinqulis
1995 2991 2140 3027 capitulis
2154 2999 2243 3028 supe-
