2392 3571
649 352 698 381 LE
722 351 865 382 LIBER
887 349 1119 382 CENSUUM
1141 350 1197 379 DE
1218 342 1405 380 L'EGLISE
1427 350 1635 382 ROMAINE.
2125 352 2183 385 589

141 415 283 449 quondam
297 414 404 451 domini
419 415 557 442 Tancredi
575 416 724 444 Lambardi
739 418 773 444 de
786 422 880 445 castro
898 417 1014 444 But-iani
1028 418 1103 445 Gro-

140 466 238 490 setane
255 463 388 495 diocesis,
406 468 607 498 procuratores
622 466 735 500 syndici
748 470 775 493 et
790 467 881 494 nuntii
897 467 1037 502 speciales
1052 475 1103 494 no-

143 511 240 538 bilium
254 513 378 539 virorum
391 511 540 547 Crigensis
551 514 693 548 quondam
707 515 849 542 Albertini
861 515 1020 548 Lamban-di,
1034 515 1103 550 Pepi

140 560 282 595 quondam
296 561 403 587 domini
414 560 553 588 Tancredi
565 561 724 595 Lambardi,
736 563 864 598 Ugolini,
876 563 1001 590 Bertoldi
1010 568 1037 590 et
1046 564 1102 591 Ge-

140 608 214 636 rardi
231 610 348 636 fratrum
364 609 506 644 quondam
524 609 631 637 domini
648 610 786 638 Bernardi
804 611 968 641 Lambardi,
985 612 1101 647 Ugucii,

139 656 287 684 Corradini
314 662 341 684 et
363 657 473 684 Nicolai
498 659 615 685 fratrum
642 660 784 694 quondam
805 661 910 687 domini
936 660 1051 687 Corradi
1076 665 1104 687 et

140 706 230 733 Banni
254 706 397 740 quondam
430 706 537 734 domini
569 707 715 742 Synibaldi
742 708 891 735 Lamban-di
914 709 948 735 de
975 709 1103 743 predicto

140 759 234 781 castro
250 753 380 781 Barriani
397 757 576 782 consortium
598 764 732 787 suorum,
755 758 869 784 nomine
885 766 983 784 eorum
1000 762 1027 784 et
1043 758 1103 784 dic-

140 807 232 830 torum
257 802 495 835 Lamban-dorum,
517 813 612 831 coram
630 806 782 832 venerabili
802 807 860 833 viro
883 807 998 833 domino
1021 806 1103 832 Petro

137 852 172 877 de
185 851 377 878 Montebruno
389 851 497 879 domiui
509 861 580 888 pape
592 855 747 880 camerario
758 858 786 880 et
801 855 909 881 notario
920 855 992 889 apud
1005 855 1102 881 sedem

138 900 324 934 apostolicam
348 902 557 935 presentialiter
573 902 731 933 constituti,
750 906 777 928 et
792 903 917 929 confessi
932 907 1000 929 sunt
1015 907 1043 929 et
1059 911 1103 929 re-

136 954 335 984 cognoverunt
357 950 431 984 quod
458 954 658 977 antecessores
687 953 731 977 sui
753 956 779 977 et
804 951 944 977 dictorum
970 951 1104 977 Lambat-

138 998 238 1024 dorum
256 998 362 1025 dictum
380 1003 506 1026 castrum
532 999 567 1026 de
588 999 713 1026 Buriano
735 1009 798 1026 cum
821 1000 882 1026 aliis
903 1000 1020 1031 castris,
1042 1000 1102 1026 lacu

137 1047 198 1073 sive
209 1051 322 1082 stagno,
332 1052 434 1074 etcum
445 1048 715 1083 omnibusJu1·ibus,
725 1049 890 1075 tenimentis
899 1053 925 1074 et
936 1048 1104 1083 pertinentis

137 1096 200 1123 suis
216 1100 371 1123 tenuerunt
387 1100 414 1123 et
429 1096 591 1123 habuerunt
606 1098 639 1123 ab
656 1097 779 1124 ecclesia
796 1096 924 1123 Romana
941 1097 994 1123 sub
1009 1105 1104 1123 annuo

137 1155 225 1174 censu
243 1147 344 1182 viginti
359 1147 516 1174 solidorum
537 1148 697 1174 lucensium
715 1156 884 1182 parvorum,
902 1148 1103 1174 solvendorum

137 1204 248 1222 camere
263 1195 340 1222 sedis
359 1196 516 1230 apostolice
532 1196 614 1222 annis
631 1196 754 1230 singulis
770 1197 796 1222 iu
817 1197 888 1223 sesto
907 1197 998 1222 sancti
1016 1195 1103 1223 Petri.

136 1244 171 1271 Et
187 1253 263 1271 nunc
277 1245 331 1279 ipsi
347 1244 474 1271 Jacobus
490 1248 518 1270 et
533 1244 699 1271 Gualfridus
716 1249 743 1270 et
754 1245 821 1271 dicti
835 1245 982 1271 Lambardi
999 1245 1104 1271 habent

136 1297 235 1320 tenent
250 1296 277 1319 et
289 1293 438 1328 possident
449 1293 555 1319 dictum
573 1297 697 1319 castrum
712 1302 776 1320 cum
789 1293 852 1320 aliis
864 1294 977 1326 castris,
987 1294 1103 1328 juribus

136 1345 164 1369 et
180 1342 360 1377 pertinentiis
376 1341 439 1368 suis
453 1342 505 1368 sub
523 1342 623 1368 eodem
635 1350 724 1369 censu
742 1343 849 1376 prefate
865 1351 976 1369 camere
992 1343 1103 1377 persol-

136 1391 238 1423 vendo,
251 1399 284 1417 ac
294 1391 349 1425 ipsi
361 1390 446 1417 iidem
461 1394 663 1426 procuratores
674 1395 702 1417 et
713 1391 843 1426 syndiIci]
860 1391 1000 1418 dictorum
1017 1391 1103 1418 Lam-

136 1440 289 1467 bardorum
304 1443 332 1465 et
347 1443 514 1466 consortum
532 1448 648 1466 suorum
667 1440 859 1475 principaliter
875 1448 924 1474 pro
941 1448 973 1466 se
989 1440 1060 1474 ipsis
1075 1443 1103 1466 et

136 1489 273 1524 predictis
289 1489 473 1515 consortibus
493 1489 555 1515 suis
576 1492 789 1524 recognoscunt
805 1492 832 1515 et
852 1489 1024 1515 confitentur
1039 1489 1102 1515 dic-

135 1541 196 1564 tum
213 1541 339 1564 castrum
355 1537 389 1564 de
406 1537 530 1564 Buriano
547 1546 611 1564 cum
628 1538 691 1564 aliis
707 1539 810 1564 castris
824 1541 851 1563 et
863 1537 980 1571 juribus
993 1541 1021 1563 et
1038 1546 1103 1571 per-

136 1587 265 1613 tinentiis
280 1586 342 1613 suis
356 1594 386 1612 se
401 1586 505 1612 habere
517 1589 544 1612 et
556 1589 652 1612 tenere
666 1595 680 1612 a
695 1586 880 1612 sanctissimo
895 1590 972 1621 patre
988 1586 1102 1612 domino

136 1634 281 1662 Clemente
298 1643 369 1669 papa
385 1639 485 1669 quarto
506 1638 534 1661 et
554 1635 588 1661 ab
611 1635 733 1661 ecclesia
755 1635 901 1668 Romana,
919 1635 1102 1669 stipulatione

136 1685 263 1719 legitima
280 1683 481 1719 promittentes
500 1683 575 1710 dicto
591 1683 706 1710 domino
718 1685 873 1710 camerario
888 1684 1035 1719 recipienti
1052 1692 1102 1717 pro

137 1733 213 1760 dicto
237 1732 352 1759 domino
374 1741 446 1768 papa
465 1736 492 1759 et
514 1733 634 1759 ecclesia
658 1732 786 1759 Romana
806 1732 872 1759 dare
893 1737 920 1759 et
942 1733 1103 1768 persolvere

136 1782 243 1817 prefate
259 1789 370 1808 camere
387 1790 437 1816 pro
454 1781 540 1807 dictis
557 1782 662 1808 castris
675 1785 703 1807 et
718 1781 780 1808 aliis
796 1782 962 1807 tenimentis
977 1786 1004 1807 et
1020 1782 1104 1816 perti-

136 1830 242 1857 nentiis
265 1830 327 1856 suis
348 1830 463 1856 nomine
484 1838 590 1857 census
612 1834 639 1856 et
656 1839 705 1865 pro
728 1838 814 1856 censu
838 1831 919 1856 annis
936 1830 1058 1864 singulis
1074 1831 1101 1856 in

136 1880 209 1905 festo
225 1879 298 1905 beati
316 1878 393 1905 Petri
406 1879 545 1913 principis
560 1879 753 1913 apostolorum
768 1879 864 1912 viginti
880 1879 987 1905 solidos
1003 1880 1102 1905 lucen-

134 1929 208 1955 sium
229 1928 416 1954 minutorum.

169 1976 303 2003 Confessi
325 1981 392 2002 suut
417 1979 510 2002 autem
536 1976 604 2002 dicti
626 1981 825 2010 procuratores
845 1981 900 2002 tam
919 1976 1032 2002 nomine
1049 1986 1101 2004 suo

133 2033 218 2059 quam
236 2026 350 2051 nomine
368 2025 562 2059 predictorum
586 2028 751 2050 consortum
777 2033 894 2050 suorum
910 2025 985 2059 quod
1002 2027 1052 2059 jus
1075 2030 1103 2052 et

134 2074 293 2108 proprietas
310 2075 437 2108 ipsorum
460 2077 619 2099 castrorum
636 2081 700 2099 cum
718 2073 896 2107 pertinentiis
914 2073 976 2099 suis
992 2073 1025 2099 ad
1042 2073 1102 2099 Ro-

135 2131 245 2149 manam
267 2123 417 2148 ecclesiam
442 2122 583 2155 pertinent
605 2121 687 2156 pleno
709 2123 783 2155 jure.
805 2121 885 2148 Unde
907 2122 972 2147 dicti
998 2130 1101 2156 procu-

136 2175 244 2197 ratores
262 2171 287 2196 in
304 2171 414 2196 animas
430 2178 529 2195 eorum
547 2173 574 2196 et
590 2170 616 2196 in
634 2169 745 2195 animas
763 2169 953 2204 predictorum
971 2170 1101 2197 Lamban*-

134 2220 234 2246 dorum
256 2224 423 2245 consortum
447 2226 565 2244 suorum
593 2227 642 2252 pro
666 2219 751 2244 dictis
777 2220 878 2245 castris
896 2219 1057 2245 fidelitatem
1075 2224 1102 2246 et

135 2268 301 2302 humagium
321 2269 346 2293 in
366 2268 498 2293 manibus
513 2267 581 2294 dicti
598 2267 705 2293 domini
723 2268 869 2293 camerarii
886 2268 1033 2302 recipienti
1050 2278 1101 2293 no-

135 2318 211 2343 mine
226 2317 294 2342 dicti
311 2316 418 2342 domini
436 2324 507 2350 pape
524 2320 551 2341 et
567 2315 688 2342 ecclesie
707 2315 953 2350 Romanejunctis
970 2317 1101 2343 manibus

135 2366 207 2392 infra
224 2373 325 2391 manus
339 2365 432 2399 ipsius
448 2364 556 2390 domini
574 2365 723 2390 camerarii
739 2368 766 2390 et
781 2365 982 2398 genuflexibus
999 2366 1102 2400 presti-

135 2418 239 2441 terunt.
268 2412 301 2438 Et
325 2413 419 2439 dictus
443 2412 577 2438 dominus
597 2413 771 2439 camerarius
790 2413 955 2447 hujusmodi
971 2415 1102 2448 recogni-

134 2463 240 2489 tionem
263 2462 363 2487 tactam
388 2469 436 2495 per
459 2460 577 2487 eosdem
598 2464 798 2495 procuratores
820 2464 933 2488 nomine
955 2471 1052 2489 eorum
1075 2467 1102 2489 et

135 2514 302 2537 consortum
318 2518 437 2535 suorum
455 2509 489 2535 de
507 2513 601 2535 castro
623 2509 750 2543 predicto
771 2513 799 2536 et
818 2511 881 2537 aliis
901 2512 1021 2545 castris,
1039 2513 1116 2538 lacu-

135 2560 196 2585 sive
218 2563 340 2592 stangno
364 2562 392 2584 et
415 2558 596 2592 pertinentiis
617 2559 697 2591 suis,
715 2566 809 2585 coram
826 2560 888 2594 ipso
906 2561 1018 2586 nomine
1034 2560 1102 2587 dicti

137 2608 245 2634 domini
263 2616 334 2642 pape
350 2610 378 2632 et
398 2606 526 2632 Romane
547 2607 670 2633 ecclesie
686 2608 854 2642 acceptavit.
870 2608 933 2634 Non
950 2609 1102 2635 intendens

136 2656 211 2682 idem
228 2656 324 2682 dictus
344 2655 518 2682 camerarius
533 2655 639 2689 aliquid
653 2656 728 2690 juris
744 2655 777 2682 de
795 2664 867 2682 novo
883 2657 925 2683 eis
945 2658 1102 2684 concedere

135 2705 163 2730 in
180 2704 328 2739 predictis,
342 2709 369 2730 et
381 2705 434 2730 hoc
446 2704 508 2730 sine
521 2705 596 2738 juris
609 2703 766 2738 prejudicio
778 2704 872 2737 alieni,
887 2710 914 2731 et
927 2705 1005 2732 salvo
1017 2706 1102 2732 etiam

135 2753 264 2779 Romane
279 2753 401 2779 ecclesie
417 2753 440 2778 si
457 2752 525 2786 quid
543 2752 634 2787 pluris
646 2752 722 2787 juris
739 2752 823 2779 habet
837 2753 864 2779 in
886 2753 969 2780 dictis
987 2755 1099 2785 castriS,

135 2803 199 2828 lacu
215 2805 243 2827 et
259 2801 440 2836 pertinentiis
457 2801 530 2831 suis,
543 2800 618 2835 quod
635 2801 689 2835 ipsi
708 2809 760 2827 non
778 2806 926 2836 propterea
943 2803 1102 2837 prejudicet

134 2852 161 2877 in
180 2851 318 2877 futurum,

171 2899 232 2931 Que
244 2899 338 2925 omnia
350 2904 379 2925 et
390 2899 504 2932 singula
518 2898 680 2933 supradicta
692 2898 759 2924 dicti
771 2904 969 2934 procuratores
987 2901 1100 2926 nomine

135 2956 233 2974 eorum
251 2953 279 2974 et
299 2948 442 2973 dictorum
459 2950 625 2973 consortum
643 2955 761 2973 suorum
778 2947 901 2982 legitima
918 2950 1100 2983 stipulatione

135 2997 329 3031 promiserunt
350 2996 426 3022 dicto
447 2995 563 3022 domino
583 2995 738 3022 camerario
756 2996 903 3031 recipienti
921 3005 969 3031 pro
986 2997 1100 3024 domino

1221 424 1293 451 papa
1308 420 1336 442 et
1351 416 1471 443 ecclesia
1495 417 1621 444 Romana
1637 419 1728 445 facere
1740 440 1746 452 ‚
1768 419 1913 446 attendere
1933 424 1961 447 et
1980 420 2183 448 inviolabiliter

1221 464 1388 497 observare,
1411 464 1464 490 sub
1487 466 1669 492 ammissione
1688 466 1756 493 dicti
1779 467 1853 493 feudi
1876 471 1903 494 et
1924 468 2095 503 obligatione
2117 478 2180 496 om-

1222 512 1299 538 nium
1317 512 1455 539 bonorum
1472 521 1601 540 suorum.

1258 561 1388 588 Preterea
1413 562 1479 588 dicti
1500 567 1698 596 procuratores
1726 565 1838 591 nomine
1861 574 1958 592 eorum
1982 574 2076 593 coram
2105 567 2181 594 dicto

1220 610 1336 637 domino
1365 612 1521 637 camerario
1551 617 1760 639 sacramentum
1797 614 1940 641 fidelitatis
1975 617 2182 648 presentialiter

1222 659 1408 694 prestiterunt
1424 660 1451 686 in
1468 660 1543 686 hunc
1562 661 1674 688 modum
1693 673 1697 688 :
1718 674 1728 684 «ι
1747 662 1807 689 Nos
1822 663 1949 690 Jacobus
1967 665 2109 698 quondam
2131 665 2181 691 do-

1222 708 1290 734 mini
1316 707 1462 742 Synibaldi
1492 708 1639 735 Lambardi
1666 715 1694 737 et
1717 711 1880 738 Guall'ridus
1906 713 2046 746 quondam
2073 713 2181 740 domini

1219 755 1357 782 Tancredi
1386 755 1533 782 Lambardi
1559 758 1593 783 ab
1620 759 1671 784 hac
1696 759 1763 785 hora
1791 761 1816 786 in
1846 764 1926 786 antea
1948 761 2080 794 juramus
2105 762 2179 796 quod

1220 805 1318 831 fideles
1343 809 1370 830 et
1392 805 1486 831 devoti
1512 806 1618 833 erimus
1644 808 1824 834 sanctissimo
1851 809 1920 843 patri
1945 809 2059 836 domino
2083 815 2180 837 nostro

1220 853 1358 880 Clementi
1384 862 1455 888 pape
1478 854 1558 880 ΙῙΙΙιο
1581 860 1607 881 et
1631 856 1750 882 ecclesie
1769 857 1896 883 Romane
1918 862 1945 884 et
1966 858 2099 885 omnibus
2119 859 2182 885 aliis

1220 902 1359 929 Romanis
1383 903 1565 938 pontificibus
1588 906 1724 931 canonice
1746 906 1927 932 intrantibus.
1951 906 2010 933 Non
2028 908 2136 934 erimus
2155 908 2180 934 in

1220 951 1309 983 facto,
1331 951 1406 977 dicto
1429 952 1470 977 vel
1487 952 1606 978 consilio
1621 953 1695 987 quod
1715 954 1798 979 vitam
1816 954 1933 988 perdant
1955 960 2002 981 aut
2023 956 2180 982 membrum

1221 1003 1269 1026 aut
1284 1000 1433 1034 capiantur
1448 1001 1519 1027 mala
1536 1003 1676 1036 captione.
1693 1002 1848 1029 Consilium
1862 1011 1926 1030 vero
1943 1004 2016 1038 quod
2035 1005 2117 1031 nobis
2133 1014 2182 1039 per

1222 1057 1253 1075 se
1270 1049 1312 1075 vel
1336 1058 1385 1084 per
1407 1049 1515 1075 litteras
1535 1054 1583 1076 aut
1607 1060 1654 1085 per
1679 1053 1793 1077 nuntios
1816 1060 1885 1077 suos
1908 1053 2042 1079 credituri
2064 1059 2130 1079 sunt
2154 1055 2179 1079 in

1222 1105 1320 1124 eorum
1341 1098 1494 1132 dampnum
1519 1102 1546 1124 et
1568 1099 1688 1125 ecclesie
1712 1100 1839 1127 Romane
1861 1102 1965 1127 nemini
1988 1102 2181 1128 manifestabi-

1223 1155 1297 1172 mus.
1316 1145 1344 1172 Si
1361 1150 1456 1173 autem
1469 1147 1640 1173 sciverimus
1655 1152 1702 1174 aut
1719 1149 1791 1174 scire
1815 1150 1971 1183 poterimus
1987 1149 2061 1184 quod
2078 1150 2183 1184 aliquis

1222 1198 1355 1229 procuret
1371 1195 1484 1229 aliquod
1501 1195 1655 1230 dampnum
1669 1197 1795 1230 ipsorum
1812 1197 1989 1223 dominorum
2004 1199 2045 1224 vel
2059 1199 2180 1224 ecclesie

1222 1243 1367 1274 Romane,
1390 1252 1439 1278 pro
1465 1252 1549 1278 posse
1574 1249 1670 1270 nostro
1686 1245 1851 1271 curabimus
1866 1246 1940 1280 quod
1959 1255 2012 1272 non
2030 1247 2093 1278 fiat;
2116 1252 2143 1273 et
2159 1248 2182 1273 si

1222 1293 1276 1318 hoc
1293 1301 1341 1327 per
1358 1300 1409 1319 nos
1425 1292 1585 1319 disturbare
1604 1301 1656 1319 non
1674 1293 1866 1328 potuerimus,
1884 1295 2113 1329 significabimus
2134 1304 2183 1330 per

1223 1350 1275 1368 nos
1291 1341 1375 1368 dictis
1395 1341 1520 1368 dominis
1535 1350 1620 1376 quarn
1642 1342 1697 1368 cito
1714 1343 1887 1376 poterimus;
1910 1347 1937 1369 et
1953 1344 1977 1369 si
1994 1352 2043 1378 per
2060 1352 2111 1370 nos
2129 1344 2183 1370 hoc

1222 1390 1384 1425 significare
1404 1399 1457 1416 non
1475 1390 1648 1424 poterimus,
1668 1390 1818 1417 credemus
1841 1391 1907 1417 illud
1930 1391 1968 1417 illi
1989 1400 2109 1426 persone
2133 1400 2183 1427 per

1221 1447 1305 1473 quam
1327 1439 1418 1473 possit
1439 1440 1524 1466 citius
1540 1439 1572 1465 ad
1588 1440 1715 1474 ipsorum
1732 1439 1910 1466 dominorum
1933 1442 2060 1467 notitiam
2082 1450 2183 1476 perve-

1223 1487 1293 1513 nire.
1314 1487 1448 1522 Papatum
1469 1492 1497 1514 et
1517 1489 1621 1522 regalia
1637 1489 1728 1515 sancti
1753 1488 1829 1514 Petri
1852 1492 1879 1515 et
1900 1490 2100 1524 possessiones
2121 1489 2183 1524 ejus

1221 1535 1254 1560 ad
1272 1535 1512 1561 manutenendum
1531 1539 1558 1562 et
1574 1535 1784 1563 defendendum
1805 1540 1833 1562 et
1855 1537 1888 1562 ad
1909 1537 1962 1563 alia
1978 1537 2182 1571 acquirendum

1221 1592 1271 1618 pro
1287 1592 1371 1618 posse
1389 1589 1484 1611 nostro
1501 1585 1681 1619 adjuvatores
1698 1586 1814 1612 erimus.
1833 1585 1867 1612 Et
1883 1586 1935 1612 hec
1951 1587 2045 1613 omnia
2063 1588 2182 1620 promit-

1221 1633 1308 1659 timus
1333 1633 1424 1659 facere
1449 1638 1476 1659 et
1501 1633 1645 1659 attendere
1670 1637 1697 1659 et
1722 1634 1873 1660 observare
1897 1634 1969 1660 bona
1992 1635 2045 1660 fide
2067 1639 2094 1660 et
2119 1636 2182 1662 sine

1220 1672 1328 1708 fraude,
1345 1682 1392 1707 Sic
1410 1691 1461 1708 nos
1478 1682 1556 1709 Deus
1572 1683 1687 1717 adjuvet
1702 1688 1727 1708 et
1746 1684 1797 1709 hec
1811 1687 1908 1709 sancta
1927 1683 1977 1710 Dei
1993 1684 2148 1718 evangelia.
2167 1695 2179 1709 ι)

1260 1729 1288 1756 ln
1309 1731 1392 1765 cujus
1413 1732 1450 1757 rei
1472 1731 1666 1757 testimonium
1688 1731 1833 1765 predictus
1854 1732 1986 1758 dominus
2007 1734 2181 1759 camerarius

1220 1780 1346 1814 presenti
1374 1779 1563 1805 instrumento
1586 1788 1671 1806 suum
1693 1781 1817 1814 sigillum
1841 1781 1907 1807 fecit
1926 1782 2031 1815 apponi
2052 1786 2079 1807 et
2096 1791 2180 1808 manu

1221 1829 1274 1854 mei
1292 1828 1374 1854 Bassi
1392 1829 1492 1854 notarii
1508 1829 1655 1862 publicari.

1256 1878 1360 1903 Actum
1379 1876 1513 1907 viterbii,
1532 1878 1558 1903 in
1581 1886 1691 1903 camera
1716 1878 1784 1903 dicti
1808 1878 1913 1904 domini
1935 1879 2095 1909 carnei-arii,
2115 1888 2180 1914 pre-

1221 1926 1352 1952 sentibus
1368 1926 1482 1952 domino
1505 1927 1634 1952 Manuele
1651 1926 1804 1961 F'raiapane
1826 1927 1859 1953 de
1876 1927 1954 1953 Urbe
1971 1928 2114 1962 capellano
2131 1928 2181 1954 do-

1221 1976 1289 2001 mini
1307 1984 1393 2010 pape,
1412 1976 1526 2002 domino
1543 1977 1674 2010 Alpliano
1691 1976 1725 2001 de
1742 1976 1847 2003 Sancto
1865 1977 1999 2003 Amantio
2019 1978 2179 2011 patrimonii

1221 2025 1293 2051 beati
1311 2024 1387 2050 Petri
1405 2025 1430 2050 in
1447 2024 1550 2051 Tuscia
1573 2028 1696 2057 rectore,
1723 2025 1859 2060 magistro
1884 2025 2056 2060 Bereugario
2073 2026 2106 2051 de
2125 2027 2179 2051 Se-

1220 2077 1318 2100 cureto
1342 2082 1453 2100 camere
1478 2074 1585 2100 domini
1609 2083 1678 2108 pape
1702 2075 1820 2107 clerico,
1845 2075 1980 2108 magistro
2003 2074 2118 2101 Alberto
2148 2075 2182 2101 de

1220 2122 1320 2148 Parma
1352 2122 1491 2157 scriptore
1516 2122 1622 2148 domini
1652 2132 1722 2158 pape
1749 2128 1777 2149 et
1806 2123 2005 2149 Bonaventura
2033 2123 2180 2150 Berardini

1219 2172 1281 2197 cive
1298 2176 1325 2197 et
1346 2175 1503 2198 mercatore
1520 2171 1648 2198 Sene-nse
1670 2172 1703 2198 ad
1720 2173 1772 2198 hec
1789 2173 1896 2206 rogatis
1917 2173 2049 2199 testibus.
2074 2172 2107 2199 Et
2127 2181 2180 2207 ego

1221 2220 1329 2246 Bassus
1344 2221 1418 2246 filius
1434 2220 1575 2254 quondam
1592 2220 1699 2246 domiui
1712 2220 1829 2246 Roberti
1843 2221 1998 2254 apostolica
2012 2222 2179 2247 auctoritate

1220 2274 1247 2295 et
1264 2278 1339 2295 nunc
1356 2278 1466 2295 camere
1483 2269 1611 2303 ejusdem
1628 2270 1766 2299 notarius,
1785 2269 1848 2303 quia
1867 2269 1920 2295 hiis
1939 2270 2074 2303 predictis
2092 2270 2181 2295 inter—

1219 2319 1276 2353 fui,
1293 2319 1326 2344 de
1344 2318 1474 2344 mandato
1496 2318 1563 2344 dieti
1587 2318 1693 2343 domini
1710 2318 1856 2344 camerarii
1874 2322 1901 2344 et
1919 2322 2018 2351 rogatu
2035 2318 2180 2352 predicto-

1220 2376 1282 2393 rum
1305 2370 1519 2401 procuratorum
1536 2367 1639 2400 scripsi
1656 2371 1683 2392 et
1699 2367 1851 2401 publicavi.

1188 2520 1412 2555 [CCCXLVIHJ.
1430 2537 1462 2541 —-
1480 2521 1520 2546 DE
1537 2529 1621 2547 orans
1639 2530 1760 2547 aceresia
1778 2530 1867 2547 >umeri
1888 2521 1970 2547 Parni
1986 2530 2018 2547 οε
2036 2521 2113 2548 Unus
2126 2526 2144 2547 ¹.

1254 2622 1443 2649 Sanctissimo
1463 2623 1534 2657 patri
1556 2625 1582 2648 et
1604 2621 1716 2647 domino
1734 2631 1785 2647 suo
1807 2622 1921 2648 domino
1942 2621 1976 2648 G.
1997 2626 2180 2649 sacrosancte

1219 2671 1348 2697 Romane
1369 2675 1396 2697 et
1413 2671 1600 2705 universali1s1
1620 2671 1740 2697 ecclesie
1757 2680 1869 2697 summo
1882 2671 2023 2705 pontifici,
2043 2672 2179 2699 Albertus

1219 2719 1253 2745 de
1264 2719 1363 2745 Parma
1374 2719 1565 2753 script0r1um]
1580 2727 1698 2745 suorum
1710 2720 1886 2751 humilimus,
1896 2720 2052 2746 canonicus
2064 2720 2180 2747 basilice

1220 2902 1243 2926 l.
1263 2900 1424 2926 1272-1‘276.
1440 2915 1472 2918 —
1491 2900 1589 2925 Albert
1605 2899 1638 2925 de
1654 2899 1762 2929 Parme,
1778 2901 1916 2927 cliauoine
1933 2901 1967 2927 de
1984 2902 2179 2930 Saint-Pierre

1182 2952 1210 2974 et
1224 2948 1349 2983 Jacques
1367 2947 1420 2974 Gili
1437 2948 1672 2982 communiquent
1693 2957 1725 2974 au
1746 2957 1814 2982 pape
1836 2948 1972 2984 Gregoire
1989 2950 2016 2976 X
2034 2951 2112 2977 l’avis
2129 2952 2191 2979 des.

1183 2997 1298 3023 maitres
1319 2997 1450 3023 ouvriers
1467 3005 1516 3023 sur
1532 2997 1574 3022 les
1591 2997 1765 3031 reparations
1782 2999 1795 3022 a
1812 2998 1880 3023 faire
1895 2999 1910 3023 a
1926 2998 1951 3024 la
1967 2999 2116 3034 basilique.
