2392 3571
641 349 692 378 LE
716 349 860 378 LIBER
883 347 1117 378 CENSUUM
1142 348 1196 378 DE
1220 343 1406 377 L‘EGLISE
1431 347 1639 377 ROMAINE.
2131 348 2190 379 473

127 415 164 441 ad
187 414 409 449 excipiendum,
439 418 470 441 ut
499 414 596 441 silicet
624 414 760 449 quicquid
786 422 839 448 ego
864 414 907 440 vel
930 413 1052 440 heredes
1074 417 1102 440 et

125 470 316 489 successores
333 463 387 488 mei
405 463 547 488 hactenus
559 462 626 496 jure
647 465 675 488 et
698 462 812 487 nomine
835 465 932 487 nostro
948 469 1034 495 agere
1051 468 1100 495 po-

125 511 238 537 tuimus
261 515 289 536 et
315 510 450 545 excipere
472 514 573 536 contra
605 511 700 545 ipsos,
725 510 800 536 idem
823 509 958 535 dominus
981 517 1053 543 papa
1074 512 1103 534 et

126 566 319 585 successores
334 559 380 585 sui
408 559 442 584 de
465 563 566 585 cetero
583 558 700 585 nomine
724 558 854 584 Romane
879 557 1002 583 ecclesie
1025 557 1103 583 sicut

128 607 156 633 in
175 615 233 633 rem
251 615 334 633 suam
361 607 450 633 libere
476 614 561 640 agere
585 610 613 632 et
636 606 768 639 excipere
792 606 905 640 possint
925 609 953 631 et
973 613 1056 631 suam
1072 605 1100 630 in

128 659 301 690 perpetuum
326 655 420 681 facere
443 655 630 680 voluntatem.
657 653 718 687 Ego
740 657 847 685 autem,
872 654 991 687 prestito
1017 661 1032 678 a
1057 660 1102 678 me

126 711 217 738 super
236 706 422 729 sacrosancta
442 703 594 736 evangelia
616 702 990 736 corporaliterjuramento,
1010 701 1103 727 confi-

127 755 190 778 teor
207 760 252 777 me
269 751 429 785 predictum
451 752 502 785 jus
525 754 553 776 et
573 751 716 776 actionem
735 758 824 776 meam
842 751 868 776 in
889 750 998 776 nullum
1014 749 1101 775 alium

127 800 314 826 transtulisse
339 799 465 833 nullique
489 799 536 825 alii
560 807 684 833 persone
709 798 840 830 dedisse,
863 798 1006 829 cessisse,
1031 798 1103 824 obli—

127 856 231 882 gasse,
255 847 381 873 donasse
404 847 447 872 vel
475 847 632 877 alienasse,
659 855 751 880 neque
773 850 952 873 contractum
977 846 1101 880 aliquem

126 897 232 923 exinde
248 904 313 922 cum
331 897 386 922 alio
403 896 579 929 celebrasse,
596 896 726 930 exceptis
741 895 914 929 quibusdam
932 894 1016 921 terris
1030 903 1102 928 quas

127 946 155 971 in
174 946 332 971 tenimento
354 945 486 978 ejusdem
509 952 603 974 rocce.
622 944 756 970 videlicet
772 953 786 969 a
804 944 848 969 via
870 944 904 969 de
928 943 1059 969 Malliano
1075 946 1104 969 et

126 993 200 1020 infra
225 1001 275 1026 pro
299 993 371 1019 meis
396 993 622 1019 necessitatibus
650 1000 694 1017 me
715 992 855 1018 confiteor
877 991 1053 1023 vendidisse,
1076 995 1104 1018 et

126 1043 259 1076 exceptis
273 1041 448 1075 quibusdam
465 1041 691 1074 obligationibus
712 1049 728 1066 a
751 1049 795 1066 me
819 1041 903 1066 factis
922 1049 973 1075 pro
989 1042 1103 1075 quanti-

127 1093 185 1116 tate
213 1089 366 1115 duodecim
397 1089 531 1115 librarum
560 1089 739 1120 lucensium,
763 1093 792 1114 et
816 1089 929 1114 duabus
958 1089 1103 1114 mensuris

125 1138 264 1164 frumenti
289 1146 376 1171 super
401 1137 543 1163 fructibus
566 1136 754 1170 quarumdam
779 1141 919 1163 terrarum
942 1137 976 1162 de
996 1136 1103 1170 quibus

125 1186 325 1220 detemptores
342 1185 468 1220 ipsarum
487 1189 627 1210 terrarum
645 1189 752 1210 sortem
770 1193 851 1211 suam
869 1189 897 1210 et
913 1185 1037 1219 amplius
1053 1185 1104 1210 ha-

127 1234 264 1260 buerunt.
294 1233 374 1259 Hanc
405 1237 501 1259 autem
527 1233 725 1264 donationem,
755 1233 917 1259 cessionem
953 1238 981 1259 et
1013 1233 1102 1259 tradi-

127 1283 253 1312 tionem,
276 1286 304 1308 et
327 1283 422 1308 omnia
446 1282 622 1316 supradicta,
646 1282 738 1308 eidem
756 1282 873 1308 domino
896 1291 966 1316 pape
988 1286 1016 1308 et
1033 1290 1103 1308 suc-

126 1331 296 1357 cessoribus
320 1331 383 1356 suis
403 1339 436 1357 ac
457 1330 587 1356 Romane
606 1331 730 1357 ecclesie
750 1331 783 1357 ad
803 1339 877 1365 opus
898 1336 926 1356 et
950 1331 1102 1357 utilitatem

125 1380 271 1414 ipsorum,
299 1388 348 1414 per
374 1384 416 1410 te,
441 1380 568 1413 predicte
595 1379 710 1405 domine
736 1380 907 1411 camerarie,
936 1383 966 1406 ut
993 1379 1100 1405 dictum

125 1432 181 1459 est,
199 1428 354 1454 liberaliter
369 1428 442 1454 facio
459 1429 485 1454 in
502 1432 685 1462 perpetuum,
706 1437 754 1462 pro
771 1427 991 1462 redelmlptione
1008 1429 1102 1454 anime

127 1485 202 1510 mee,
217 1477 283 1503 dicti
297 1477 345 1503 filii
357 1477 410 1502 mvi
423 1482 449 1502 et
462 1478 583 1502 aliorum
596 1480 746 1511 parentum
760 1485 900 1506 meorum.
911 1482 939 1503 et
951 1486 1001 1511 pro
1013 1477 1101 1503 multa

126 1524 286 1551 devocione
300 1533 385 1558 quam
403 1525 526 1550 eundem
549 1524 637 1550 filium
655 1533 750 1550 meum
768 1525 800 1550 ad
819 1525 974 1559 predictam
992 1524 1103 1551 Roma-

127 1582 193 1600 nam
219 1574 372 1600 ecclesiam
399 1574 564 1608 specialiter
592 1573 730 1599 hahuisse
762 1574 903 1607 cognori;
931 1574 1102 1608 promittens

127 1631 179 1656 pro
197 1631 241 1648 me
257 1628 283 1648 et
303 1623 461 1648 heredibus
478 1627 505 1648 et
520 1622 744 1649 successoribus
757 1623 830 1648 meis
842 1623 915 1649 hanc
926 1624 1100 1655 cessionem,

128 1670 329 1703 donationem,
348 1671 537 1697 tradicionem
562 1675 590 1696 et
613 1671 709 1696 omnia
725 1671 890 1704 supradicta
906 1675 963 1697 rata
979 1675 1006 1697 et
1021 1671 1103 1697 firma

127 1728 245 1753 semper
260 1720 375 1749 habere.
389 1723 416 1745 et
431 1721 595 1753 juramento
611 1728 627 1745 a
642 1727 686 1745 me
701 1719 888 1753 corporaliter
904 1720 1023 1753 prestito
1038 1728 1102 1753 per-

129 1771 217 1803 petuo
235 1768 436 1794 inviolabiliter
452 1768 617 1800 observare,
634 1771 662 1793 et
680 1768 756 1793 nullo
772 1771 910 1801 tempore,
930 1768 1006 1793 nullo
1019 1768 1102 1794 modo

128 1816 173 1842 vel
191 1817 308 1850 ingenio
325 1817 524 1842 contravenire
548 1817 601 1842 suh
622 1824 694 1850 pena
712 1815 812 1850 viginti
830 1816 963 1842 librarum
981 1817 1058 1848 auri,
1075 1821 1104 1843 et

127 1872 202 1898 pena
227 1864 321 1890 soluta
348 1868 517 1889 contractus
539 1867 567 1889 et
595 1864 690 1889 omnia
712 1863 877 1898 supradicta
899 1864 1103 1891 nichilominus

126 1912 209 1938 firma
225 1916 422 1944 permaneant⁴
445 1912 550 1937 Actum
570 1912 660 1938 Reate
676 1912 858 1945 presentibus
875 1912 998 1938 testibus
1015 1912 1103 1938 intra-

126 1960 248 1994 scriptis
265 1961 298 1985 ad
318 1960 371 1986 hoc
387 1960 553 1994 specialiter
571 1960 679 1993 rogatis
694 1964 780 1993 atque
796 1961 916 1992 vocatis,
934 1961 1027 1987 silicet
1043 1969 1104 1987 ma-

127 2009 221 2043 gistro
245 2008 448 2034 Bartholomeo
471 2009 505 2034 de
521 2008 628 2035 Sancto
653 2008 796 2034 Germano
821 2009 968 2043 capellano
995 2009 1103 2036 domini

129 2065 202 2092 pape
226 2061 315 2087 teste,
335 2057 472 2091 magistro
494 2056 600 2083 Boecio
625 2057 734 2082 domini
754 2065 824 2091 pape
847 2057 951 2083 clerico
972 2061 1000 2084 et
1021 2058 1104 2083 sami-

128 2106 194 2132 liari
221 2109 311 2139 teste,
338 2107 477 2139 magistro
504 2105 607 2131 Amato
633 2105 763 2131 familiari
787 2105 894 2131 domini
921 2114 992 2140 pape
1015 2110 1103 2140 teste,

128 2154 269 2188 magistro
305 2153 443 2180 Rainaldo
471 2153 683 2187 Iterampnensi
710 2156 797 2184 teste,
828 2154 987 2188 presbitero
1015 2154 1103 2181 Paulo

130 2203 273 2228 canonico
289 2201 502 2235 Iterampnensi
518 2206 602 2231 teste,
625 2200 742 2227 Simone
763 2201 842 2228 Pauli
864 2202 898 2228 de
919 2201 1028 2229 Jacobo
1044 2202 1105 2228 Ite-

130 2251 300 2285 rampnensi
324 2254 412 2281 teste,
437 2250 594 2276 Anastasio
619 2250 764 2276 serviente
787 2250 895 2276 domini
922 2259 992 2285 pape
1016 2255 1102 2283 teste,

127 2298 264 2325 Jobanne
280 2299 315 2324 de
333 2298 439 2325 Sancto
455 2298 610 2331 Germano,
628 2302 657 2325 et
671 2299 737 2325 aliis
752 2299 982 2333 quampluribus.

166 2346 201 2372 Et
217 2355 272 2380 ego
291 2346 450 2372 luccat-dus
467 2346 626 2380 imperialis
643 2347 706 2372 aule
720 2347 891 2373 scriniarius
904 2348 953 2381 qui
969 2349 1105 2375 omnibus

128 2394 308 2429 supradictis
326 2395 456 2425 interfui,
477 2395 549 2420 hanc
566 2399 672 2421 cartam
690 2395 834 2421 cessionis
849 2400 877 2421 et
891 2396 1055 2423 donationis
1070 2397 1104 2423 de

129 2444 277 2469 voluntate
295 2447 320 2468 et
340 2451 485 2468 consensu
505 2442 632 2476 predicte
648 2443 780 2469 Alifande
797 2444 924 2470 mulieris
940 2444 1061 2470 fideliter
1076 2445 1103 2471 in

130 2492 274 2526 publicam
292 2492 410 2517 sormam
428 2491 534 2525 scripsi
552 2495 580 2517 et
596 2492 736 2525 complevi
755 2496 884 2526 rogatus.

89 2644 216 2671 CCXIX
229 2645 255 2669 (I.
275 2660 306 2663 -—
325 2645 485 2677 Exemplum
502 2645 646 2678 cujusdam
664 2647 820 2672 testamenti
833 2650 851 2673 ¹.

166 2744 228 2771 Hoc
244 2750 288 2770 est
303 2745 467 2778 exemplum
486 2746 650 2771 testamenti
665 2744 829 2771 Transerici
845 2745 1004 2777 Carleonis,
1019 2747 1105 2780 cujus

128 2796 212 2819 tenor
230 2793 294 2819 talis
311 2797 365 2819 est.

129 2972 156 2998 1.
180 2972 258 2998 Αούῑ
284 2972 360 3004 1195,
378 2972 585 3006 transcription
607 2972 644 2998 du
671 2972 700 2998 to
721 2972 839 2998 octobre
859 2973 934 2999 1331.
950 2987 986 2992 —
1005 2972 1107 2999 Testa-

238 3046 322 3072 lnusn
341 3045 485 3072 Cassum.
505 3059 541 3065 —
559 3045 584 3072 1.

1255 413 1286 439 In
1315 414 1428 439 nomine
1456 413 1585 446 Domini,
1611 422 1706 440 amen.
1735 415 1820 441 Anno
1851 415 2056 441 incarnationis
2081 414 2188 442 Christi

1220 461 1370 487 millesimo
1387 461 1586 487 ducentesimo
1603 462 1750 488 tricesimo
1764 463 1864 496 primo,
1880 464 2065 497 pontificatus
2080 463 2189 490 domini

1220 508 1353 542 Gregorii
1376 518 1447 543 pape
1473 510 1538 535 noni
1562 518 1637 535 unno
1657 511 1769 544 quinto,
1791 511 1900 537 mensis
1919 512 2046 538 octobris
2069 511 2114 538 die
2137 512 2190 538 de·-

1220 557 1305 589 cima,
1320 557 1476 583 indictione
1492 558 1602 591 quinta.
1622 558 1683 584 Hoc
1699 563 1743 585 est
1760 560 1921 593 exemplum
1936 559 2086 593 cujusdam
2104 563 2189 586 testa-

1220 605 1309 631 menti
1330 605 1434 631 nobilis
1456 605 1508 631 viri
1531 606 1674 640 quondam
1688 607 1850 633 Transerici
1868 608 1915 633 tilii
1931 608 2040 634 Odonis
2061 608 2095 633 de
2117 608 2189 634 Car-

1221 653 1313 683 leone,
1331 653 1454 679 consecti
1470 662 1519 687 per
1535 662 1649 680 inanum
1671 654 1744 680 l'etri
1761 656 1904 689 quondam
1923 656 2025 683 medici
2042 660 2067 682 et
2086 656 2187 683 notarii

1220 700 1457 735 Iterampnensis.

1256 749 1342 774 Anno
1368 748 1482 774 Domini
1509 750 1659 775 millesimo
1682 751 1839 776 centesimo
1863 753 2049 785 nonagesimo
2072 752 2186 786 quinto,

1222 797 1401 830 temporibus
1418 796 1533 822 chriei
1551 797 1745 831 imperatoris,
1765 806 1862 824 mense
1879 804 2013 833 augusto,
2032 800 2188 826 indictione

1221 845 1309 871 tercia
1332 845 1453 871 decima.
1479 845 1541 871 Hoc
1563 845 1678 879 quidem
1701 850 1827 879 tempore
1850 856 1903 879 ego
1923 848 2038 880 quidem
2061 847 2185 873 Transe-

1222 894 1300 919 ricus
1315 893 1425 919 Odonis
1445 893 1593 919 Can-leonis
1618 894 1705 923 titius,
1725 895 1777 919 ct-:i
1798 903 1917 928 corpore
1941 895 2072 921 infirmus
2095 899 2189 922 mente

1222 945 1316 967 tamen
1339 945 1367 967 et
1388 942 1533 967 intellectu
1551 950 1640 966 sanus
1655 942 1830 972 consistens,
1848 943 1947 967 volens
1965 947 2087 968 testatus
2105 943 2189 969 dece-

1222 989 1300 1022 dere,
1319 990 1372 1015 hoc
1390 989 1618 1023 nuncupativum
1637 993 1838 1015 testamentum
1856 991 1942 1021 facio,
1961 991 1987 1016 in
2005 1000 2061 1024 quo
2079 992 2189 1016 Antan-

1221 1037 1286 1063 dam
1303 1038 1500 1063 dulcissimam
1524 1042 1640 1063 matrem
1665 1047 1754 1063 meam
1778 1039 1909 1063 hert-dem
1929 1047 1989 1064 mee
2007 1040 2100 1064 tocius
2116 1040 2190 1065 arcis

1222 1089 1278 1111 tam
1297 1086 1374 1111 int-is
1388 1095 1472 1120 quam
1490 1090 1579 1116 extra,
1597 1094 1662 1112 cum
1679 1086 1813 1112 omnibus
1831 1087 1862 1111 ad
1882 1087 1970 1120 ipsam
1991 1096 2084 1112 arcem
2102 1087 2190 1120 perti-

1222 1135 1369 1166 nentibus,
1382 1134 1455 1160 etde
1472 1134 1606 1160 omuibus
1621 1134 1684 1159 aliis
1701 1135 1773 1159 meis
1789 1134 1872 1159 bouis
1885 1135 2058 1168 ubicumque
2074 1135 2190 1160 inventa

1221 1183 1265 1209 vel
1283 1184 1419 1217 inquisita
1436 1183 1557 1214 suerint,
1575 1183 1635 1208 sive
1657 1183 1683 1207 in
1708 1184 1850 1208 montanis
1866 1191 1917 1208 seu
1938 1184 1964 1208 in
1987 1184 2132 1208 montibus
2148 1184 2190 1209 vel

1221 1232 1365 1266 planiciis,
1382 1236 1410 1257 et
1427 1231 1629 1257 universaliter
1645 1231 1678 1256 dc
1695 1231 1830 1256 omnibus
1851 1231 1882 1255 ad
1907 1240 1950 1256 me
1968 1232 2033 1264 jure
2055 1232 2097 1256 vot
2121 1240 2192 1256 eon-

1220 1280 1374 1306 suetudiuc
1398 1280 1624 1314 pertinentibus,
1652 1280 1693 1304 vel
1711 1288 1766 1312 que
1783 1280 1924 1312 pertinere
1942 1279 2084 1308 ridentur,
2108 1280 2192 1305 here-

1219 1328 1284 1354 dem
1307 1329 1438 1354 instituo.
1458 1327 1491 1353 Et
1513 1336 1582 1361 rogo
1600 1336 1661 1353 eam
1686 1332 1716 1352 ut
1733 1327 1758 1352 in
1778 1332 1867 1352 morte
1883 1336 1936 1352 sua
1953 1336 2003 1360 pro
2021 1327 2114 1352 anima
2131 1336 2193 1353 mea

1219 1380 1246 1402 et
1262 1385 1315 1403 sua
1331 1385 1520 1410 meorumque
1541 1381 1689 1410 parentum
1707 1375 1839 1401 ecclesiis
1857 1376 2031 1409 pauperibus
2049 1376 2189 1403 restituant.

1220 1425 1256 1451 Et
1282 1426 1344 1451 volo
1371 1430 1399 1451 ut
1425 1425 1642 1459 presencialiter
1665 1428 1730 1458 post
1755 1429 1874 1449 mortem
1899 1432 2005 1453 meam,
2031 1424 2191 1450 secundum

1220 1474 1297 1508 quod
1315 1475 1374 1508 jam
1391 1473 1512 1507 exposui
1531 1476 1559 1498 ct
1576 1474 1626 1506 jus
1643 1473 1779 1507 precipit.
1797 1472 1843 1497 (let
1867 1480 1917 1506 pro
1937 1473 2030 1498 anima
2048 1480 2108 1497 inea
2125 1472 2192 1498 illud

1220 1522 1295 1556 quod
1313 1524 1373 1555 jam
1399 1522 1485 1548 statui
1512 1521 1554 1547 vel
1580 1521 1723 1554 quondam
1748 1520 1816 1546 dixi.
1843 1520 1905 1551 Que
1929 1521 2025 1545 onmia
2047 1520 2192 1546 observari

1221 1571 1348 1606 precipio
1370 1570 1423 1595 sub
1445 1578 1477 1595 ea
1497 1570 1704 1595 constrictione
1726 1577 1810 1602 quam
1830 1570 1881 1601 jus
1902 1568 2036 1602 precipit,
2059 1576 2124 1593 cum
2149 1569 2192 1594 lex

1221 1620 1295 1646 dicat
1323 1619 1437 1645 ultimas
1464 1618 1626 1643 voluntates
1651 1617 1850 1643 deficiencium
1875 1617 1934 1642 fore
1961 1616 2118 1642 servandas
2143 1624 2192 1650 pro

1220 1669 1293 1702 lege.
1312 1667 1371 1701 Ego
1387 1666 1578 1692 Transericus
1599 1665 1648 1699 qui
1665 1670 1691 1691 et
1709 1674 1796 1699 supra
1814 1665 1887 1690 hanc
1903 1665 2039 1690 cartulam
2065 1664 2124 1690 fieri
2146 1672 2192 1690 ro-

1221 1717 1296 1749 gavi.
1319 1715 1379 1749 Ego
1402 1714 1546 1748 presbiter
1570 1713 1739 1743 Rainerius,
1764 1718 1791 1739 et
1815 1713 1956 1747 presbiter
1980 1712 2144 1738 Benencasa
2164 1716 2192 1739 et

1223 1764 1354 1796 Falcone,
1377 1763 1473 1789 clerici
1491 1763 1585 1788 sancti
1602 1761 1757 1791 Valentini,
1776 1766 1803 1787 ct
1822 1761 1927 1787 l'uulus
1944 1760 2018 1786 Petri
2036 1761 2148 1791 medici,
2166 1765 2194 1787 et

1221 1813 1410 1839 Massarellus
1427 1811 1561 1841 Gisonis=
1579 1814 1606 1836 et
1624 1810 1787 1839 §talax-otta,
1805 1814 1831 1835 et
1846 1809 2009 1835 Thebaidos
2027 1809 2192 1842 Berardelli,

1222 1870 1275 1888 nos
1292 1861 1382 1895 rogati
1400 1864 1490 1887 testes
1506 1868 1618 1885 sumus.
1639 1872 1675 1878 —
1690 1858 1749 1892 Ego
1769 1858 1870 1884 Petrus
1889 1857 1940 1884 Dei
1957 1858 2047 1891 gratia
2064 1858 2194 1884 medicus

1221 1914 1249 1936 et
1267 1909 1395 1936 notarius
1413 1912 1529 1939 rogatus
1546 1908 1661 1941 scripsi.

1257 1959 1292 1985 Et
1306 1967 1360 1991 ego
1378 1956 1540 1984 nicom-dus
1558 1956 1715 1989 imperialis
1737 1955 1800 1980 aule
1821 1955 2006 1982 scriniarius,
2033 1955 2086 1979 hoc
2104 1958 2194 1980 testa-

1222 2012 1351 2034 mentum
1373 2015 1407 2032 ex
1429 2006 1576 2032 autentico
1600 2004 1674 2029 Petri
1701 2003 1802 2029 notarii
1827 2003 1933 2036 publici
1951 2003 2072 2028 fideliter
2093 2010 2193 2036 sump-

1222 2060 1283 2083 tum
1306 2056 1341 2081 de
1361 2054 1493 2080 mandato
1511 2052 1619 2079 domini
1645 2052 1794 2078 Benedicti
1819 2051 1927 2077 domini
1951 2059 2022 2084 pape
2045 2051 2194 2076 caint-rarii

1223 2104 1407 2137 transcripsi,
1429 2107 1457 2128 et
1480 2103 1505 2128 in
1531 2101 1671 2136 publicam
1696 2101 1815 2126 formam
1840 2099 1937 2133 redegi
1960 2103 2096 2132 rogatus,
2120 2106 2194 2124 anno

1222 2151 1338 2178 Domini
1369 2149 1593 2176 Moccoxxxto
1606 2171 1612 2180 ,
1648 2148 1758 2174 mensis
1788 2148 1915 2174 octobris
1944 2147 1988 2172 die
2020 2146 2065 2179 X,
2102 2147 2194 2172 indic-

1223 2202 1301 2227 tione
1325 2200 1358 2226 V.

1188 2366 1310 2393 CCth
1323 2375 1344 2392 e.
1363 2380 1395 2385 —
1411 2366 1496 2392 Aliud
1513 2365 1713 2398 transm-[pium
1730 2365 1806 2389 [tocco
1823 2363 1917 2388 Kar-lei
1929 2363 1947 2387 ¹.

1260 2481 1323 2507 Hoc
1338 2485 1382 2506 est
1398 2479 1604 2513 transcriptum
1621 2477 1772 2512 cujusdam
1796 2475 1978 2502 instrumenti
2002 2476 2075 2500 Arce
2092 2474 2194 2504 Cat-lei,

1224 2531 1311 2563 cujus
1326 2534 1407 2555 tenor
1424 2528 1488 2553 talis
1502 2531 1558 2554 est.

1188 2734 1267 2756 ment
1281 2730 1316 2755 de
1330 2728 1500 2754 ‘si-anserico
1515 2727 1550 2752 de
1566 2726 1714 2755 Cat-leone,
1731 2725 1897 2750 mentionne
1909 2723 1981 2749 dans
1998 2723 2022 2748 le
2038 2722 2196 2748 document

1189 2777 1353 2812 precedent.

1226 2827 1250 2853 1.
1268 2825 1371 2855 Narni,
1395 2824 1470 2853 1198.
1488 2821 1691 2855 transcription
1707 2821 1743 2846 du
1766 2821 1794 2846 lt]
1813 2821 1929 2846 octobre
1950 2819 2026 2846 1231.
2046 2832 2081 2838 —
2097 2818 2197 2844 Mura-

1190 2875 1254 2907 tori,
1273 2876 1348 2903 Λιιι..
1374 2877 1393 2898 t.
1415 2871 1468 2903 IV,
1490 2880 1516 2905 p.
1540 2871 1582 2898 59.
1608 2870 1663 2896 Les
1683 2870 1803 2896 consuls
1826 2870 1860 2893 de
1882 2868 1970 2893 Narni
1992 2868 2152 2893 concedent.
2172 2868 2197 2893 la

1189 2923 1356 2956 seigneurie
1377 2921 1411 2946 de
1434 2920 1532 2946 Rocca
1554 2918 1644 2945 Carlei
1667 2920 1681 2943 a
1704 2917 1853 2950 Alifanda,
1876 2925 1948 2950 pour
1971 2917 1995 2941 la
2016 2920 2078 2950 part
2094 2917 2142 2950 qui
2159 2915 2196 2941 lui

1189 2972 1301 2997 revient
1317 2970 1350 2995 de
1367 2978 1418 2995 son
1436 2970 1481 2995 fils
1496 2967 1668 2994 Transcrico
1685 2971 1712 2993 et
1727 2969 1742 2992 a
1760 2965 1848 2991 Henri
1865 2970 1891 2991 ct
1906 2965 2018 2999 «Ioseph
2034 2963 2136 2990 Carlei.

2024 3040 2057 3065 60
