2392 3571
648 343 698 371 LE
722 342 867 373 LIBER
889 342 1124 373 CENSUUM
1146 343 1201 372 DE
1224 335 1411 374 L'EGLISE
1433 346 1643 378 ROMAINE.
2135 359 2195 391 493

140 406 244 434 norint
270 411 374 435 contra
399 407 546 444 predicta,
568 409 782 445 promittimus
804 410 959 438 curatorio
980 411 1106 439 nomine

135 457 343 495 predictorum
359 460 515 489 minorum
531 461 699 498 predictam
717 463 882 499 pecuniam
895 464 1018 492 nomine
1030 473 1106 501 pene

137 512 265 549 duplam
281 513 375 542 eidem
391 513 515 542 domino
530 523 606 552 pape
622 515 746 552 suisque
756 516 974 544 successoribus
991 517 1106 553 integre

137 565 302 599 soluturos,
314 571 340 594 et
353 575 432 603 pena
447 567 547 595 soluta
560 567 655 604 hujzls
668 567 854 596 venditionis
864 573 890 596 et
903 569 1105 598 alienationis

137 622 310 647 contractus
326 619 357 647 in
375 627 432 647 sua
447 619 671 648 nichilominus
684 625 861 657 permaneat
875 620 1036 657 firmitate.

177 671 212 699 Et
227 680 279 699 nos
297 671 424 700 Thomas
439 676 465 700 et
481 672 626 700 Diadema
643 673 777 701 minores
794 673 927 710 predicti
942 674 1014 702 huic
1030 683 1104 703 ven-

137 723 251 752 ditioni
269 728 296 751 et
318 723 483 752 traditioni
506 725 722 753 consentientes
743 726 872 762 propria
891 730 918 754 et
937 731 1102 763 spontanea

136 776 293 805 voluntate
315 777 528 813 promittimus
557 778 710 814 corporali
731 786 750 806 a
774 778 858 806 nobis
882 787 973 815 super
996 783 1103 808 sancta

135 829 294 865 evanqelia
315 829 442 865 prestito
456 829 637 865 juramento
657 830 827 866 predictam
848 831 1053 860 venditionem
1076 836 1103 860 et

136 881 331 909 traditionem
355 889 391 909 ac
412 882 517 909 omnia
539 881 718 919 supradicta
742 887 812 911 rata
829 887 855 911 et
876 883 970 920 firma
986 892 1103 921 semper

134 933 241 962 habere
255 938 282 962 et
298 938 442 971 perpetuo
459 934 682 962 inviolabiliter
698 935 854 963 observare
873 940 899 964 et
920 944 978 964 non
995 941 1102 965 contra

134 986 250 1022 venire,
266 986 321 1014 sub
334 994 412 1023 pena
427 987 569 1023 superius
583 986 618 1014 in
632 986 769 1023 predicta
786 987 958 1016 venditione
971 992 1098 1023 statuta,

134 1043 161 1067 et
175 1047 252 1076 pena
266 1039 367 1067 soluta
381 1043 555 1068 contractus
571 1039 601 1068 in
618 1047 674 1067 sua
688 1039 910 1068 nichilominus
922 1046 1102 1077 permaneat

133 1090 291 1128 firmitate.

95 1249 191 1278 Tenor
216 1249 419 1278 instrumenti
439 1249 691 1286 supradictorum
716 1254 894 1279 curatorum
919 1259 937 1278 a
960 1251 1100 1280 Johanne

133 1291 239 1331 Leonis
246 1302 353 1339 judice
368 1303 499 1338 consecto
516 1303 588 1332 talis
603 1308 644 1332 est
655 1304 665 1323 ¹
683 1314 692 1331 :

171 1407 207 1436 In
224 1408 348 1436 nomine
364 1409 487 1437 Domini
503 1409 601 1437 nostri
615 1409 684 1437 Jesu.
701 1409 828 1444 Christi,
850 1418 932 1438 anno
949 1410 1099 1438 incarna-

133 1460 226 1488 tionis
238 1460 371 1496 eJusdem
384 1460 547 1490 millesimo
559 1461 756 1496 CC⁰XXXIII⁰,
766 1461 965 1499 pontificatus
979 1462 1100 1491 domini

133 1511 165 1541 G.
182 1512 258 1541 noni
272 1522 348 1550 pape
361 1521 444 1542 anno
460 1519 550 1549 seoeto,
570 1514 736 1543 indictione
749 1518 844 1549 sexta,
862 1523 962 1544 mense
975 1515 1099 1551 februa-

131 1565 188 1601 rio,
217 1565 265 1593 die
286 1565 336 1600 XI,
360 1565 400 1594 ad
419 1566 597 1603 petitionem.
623 1566 731 1595 Thome
749 1572 776 1596 et
796 1567 938 1596 Diademe
959 1567 1099 1604 filiorum

132 1618 287 1655 quondam
305 1618 425 1647 domini
444 1619 562 1648 Roberti
582 1619 694 1648 Raonis
713 1619 747 1648 de
769 1620 915 1656 Paliano,
939 1621 1098 1650 minorum

131 1671 397 1708 vigintiquinque
417 1672 524 1707 annis,
552 1672 619 1700 dati
639 1677 711 1701 sunt
731 1673 774 1701 eis
795 1678 950 1702 curatores
965 1678 1099 1710 patruus

129 1732 205 1752 suus
220 1724 364 1753 dominus
378 1724 556 1753 Frasnellus
573 1725 606 1754 de
621 1716 753 1754 Paliano
766 1730 793 1754 et
810 1726 954 1755 dominus
971 1727 1098 1756 Thomas

129 1777 164 1806 de
178 1777 301 1806 Pusano
321 1778 497 1806 avunculus
514 1779 647 1815 ipsorum
666 1786 685 1806 a
705 1787 748 1807 me
764 1779 903 1808 Johanne
920 1780 1026 1808 Leonis
1041 1781 1097 1809 Ju-

131 1830 196 1859 dice
211 1830 339 1859 Paliani
360 1830 400 1858 ad
419 1835 609 1860 contractum
630 1831 818 1860 venditionis
836 1832 1050 1861 celebrandumv
1071 1837 1097 1861 et

127 1883 350 1920 perficiendum
366 1884 507 1912 omnium
524 1893 625 1912 rerum
647 1893 777 1913 suarum
795 1885 999 1914 immobilium
1021 1894 1098 1922 quas

129 1936 237 1965 habent
251 1937 283 1964 in
299 1941 397 1965 castro
408 1937 532 1965 Paliani
547 1941 571 1965 ct
589 1937 621 1965 in
633 1942 732 1966 castro
747 1937 856 1966 Serron
864 1939 887 1966 is
903 1943 928 1966 et
946 1939 976 1966 in
992 1947 1097 1967 corum

130 1990 307 2023 territoriis,
326 1989 464 2018 videlicet
482 1990 512 2018 in
525 1990 673 2024 domibus,
689 1991 772 2025 ortis,
798 1990 905 2025 cineis,
920 1992 1092 2028 canapinis,

129 2041 320 2078 hominibus,
350 2043 440 2071 terris
462 2043 554 2071 cultis
576 2048 602 2071 et
629 2043 764 2078 incultis,
789 2044 958 2078 arboribus,
985 2045 1094 2080 pratis,

127 2095 226 2130 silvis,
245 2095 430 2129 nemoribus,
448 2095 625 2132 aquimolis,
645 2096 675 2123 in
692 2096 834 2124 sinnaria
851 2100 876 2123 et
895 2097 924 2124 in
941 2097 1096 2133 jurisdic-

129 2147 209 2176 tione
232 2149 370 2176 sinnorie
391 2148 544 2176 dictorum
569 2152 739 2176 castrorum
771 2156 839 2176 cuin
871 2150 1038 2177 venerabili
1063 2150 1096 2178 in

129 2200 247 2230 Christo
261 2205 349 2238 patre
365 2210 398 2229 ac
418 2201 541 2229 domino
558 2201 587 2230 G.
610 2210 730 2229 summo
749 2205 775 2229 et
798 2201 971 2230 vuniversali
992 2203 1096 2239 ponti-

127 2253 180 2290 fice
196 2254 241 2282 vel
257 2254 321 2290 ejus
335 2254 588 2290 procuratoribus
607 2254 822 2290 recipientibus
833 2254 954 2283 nomine
965 2255 1096 2284 Romane

129 2306 246 2335 ecclesie
259 2306 298 2335 ad
317 2307 414 2343 ipsius
428 2307 546 2335 ecclesie
559 2315 633 2343 opus
648 2311 673 2334 et
694 2307 870 2340 utilitatem,
886 2316 942 2344 pro
957 2316 988 2336 eo
998 2309 1096 2345 pretio

129 2359 208 2396 quod
223 2367 290 2388 cum
309 2360 351 2387 eis
366 2359 513 2387 duxerint-
529 2359 784 2387 constituendum.
807 2359 863 2387 Pro
878 2360 987 2396 quibus
1002 2368 1095 2389 cura-

129 2411 244 2439 toribus
261 2410 410 2447 fidejussit
433 2410 577 2438 dominus
602 2411 728 2439 Thomas
750 2411 890 2447 pinctus,
914 2413 1096 2449 promittens

128 2464 322 2500 mihijudici
336 2472 391 2501 pro
407 2463 497 2492 dictis
518 2463 691 2491 minoribus
712 2464 765 2491 sub
785 2472 861 2500 pena
886 2465 1096 2502 quadragiinta

129 2517 283 2545 librarum
303 2516 505 2545 denariorum
527 2521 651 2545 senatus
677 2517 710 2545 in
734 2517 872 2553 lngitima
897 2519 1095 2555 stipulatione

127 2569 264 2603 deducta,
286 2573 398 2606 recepto
410 2569 501 2606 prius
511 2569 691 2605 ⁵juramento
709 2578 726 2597 a
742 2569 834 2598 dictis
852 2571 1045 2599 curatoribus
1060 2571 1095 2600 de

127 2629 203 2650 cura
221 2621 375 2658 ¹jamdicta
397 2621 529 2658 fideliter
551 2621 735 2658 exequenda.
768 2621 806 2650 De
830 2630 891 2658 qua
916 2631 947 2650 re
974 2632 1009 2651 ne
1032 2624 1094 2652 ali-

127 2674 250 2711 quando
268 2674 367 2703 valeat
382 2674 520 2702 dubitari
541 2674 590 2702 hii
610 2678 693 2702 testes
714 2675 812 2711 royati
831 2675 973 2710 suerunt,
994 2676 1093 2705 domi-

129 2735 186 2755 nus
210 2727 304 2755 Lucas
325 2726 460 2762 Girardi,
485 2727 611 2756 Jacobus
630 2726 752 2755 domini
773 2726 915 2762 Galim-it,
940 2728 1094 2758 Johanncs

124 2898 149 2924 1.
177 2897 204 2923 Η
222 2897 326 2923 few-ier
344 2897 419 2924 1‘233.
443 2911 477 2916 —-
500 2896 555 2923 Les
571 2897 700 2923 mineurs
716 2896 897 2924 mentionnes
918 2897 990 2924 dans
1010 2898 1093 2926 l’acte

86 2945 242 2980 precedent
257 2948 323 2971 sont
339 2952 467 2980 pourvus
482 2944 517 2970 de
533 2947 684 2971 curateurs
700 2953 750 2978 par
763 2943 836 2970 Jean
857 2944 892 2971 de
913 2945 989 2972 Leon
1001 2968 1007 2980 ,
1021 2948 1094 2981 juge

85 2992 123 3019 de
138 2992 266 3020 Paliano.

1226 410 1347 439 domini
1371 412 1498 449 Georyh,
1522 415 1689 446 Thobaldus
1705 418 1824 448 domini
1843 421 1997 460 Gregorii,
2022 424 2192 456 Thobaldus

1226 462 1346 491 domini
1364 464 1474 494 Odonis
1492 466 1582 496 Bucce.

1265 516 1301 544 Et
1315 525 1366 553 eqo
1378 518 1530 548 Johannes
1545 521 1649 551 Leonis
1662 530 1765 553 sancte
1782 527 1912 556 Romane
1923 530 2042 559 ecclesie
2049 531 2148 567 judex
2163 537 2191 562 et

1225 569 1413 597 scriniarius
1429 571 1469 599 ad
1483 572 1618 608 predicta
1637 577 1812 613 complenda
1827 585 1952 616 roqatus
1962 583 2071 620 scripsi
2087 589 2113 613 et
2125 586 2191 622 siq-

1227 628 1302 648 num
1317 623 1386 657 feci.

1185 775 1363 807 CCXXXI.
1389 795 1428 799 —
1452 779 1602 811 CARTULA
1623 783 1743 815 Smfflss
1765 796 1912 820 uumerus
1934 801 2018 824 ιηωε
2040 793 2187 827 Bonam-1

1225 838 1263 859 DE
1281 830 1407 867 Reos-E,
1428 832 1652 873 [vus-Drrtosts]
1674 847 1770 868 FAcTss
1793 849 1911 873 nomino
1933 854 2010 876 ΡΑΡΕ
2034 856 2073 878 1³13
2096 858 2188 880 BONIS

1225 890 1293 912 suis
1309 893 1364 913 pen
1383 884 1591 917 FRASNELLUM
1610 898 1759 921 PATRUUM
1779 902 1863 924 snum
1881 906 1918 926 DE
1933 907 2023 929 noxis
2042 910 2108 932 sms
2124 903 2190 933 ΡΛ-

1224 944 1310 964 LIANI
1328 945 1366 966 ET
1384 936 1578 969 Sssaaox1s1.

1262 1041 1299 1070 In
1316 1045 1439 1073 nomine
1456 1045 1590 1081 Domini,
1610 1057 1709 1078 amen.
1729 1052 1816 1081 Anno
1831 1054 2056 1088 incarnationis
2071 1060 2189 1091 Christi

1222 1094 1386 1124 millesimo
1401 1096 1604 1129 ducentesimo
1625 1102 1777 1133 tricesimo
1799 1108 1899 1142 tertio,
1916 1111 2114 1148 pontificatus
2133 1115 2188 1144 do-

1222 1147 1305 1176 mini
1330 1148 1468 1185 Gregorii
1487 1160 1564 1188 pape
1589 1155 1663 1182 noni
1687 1164 1769 1185 anno
1793 1163 1882 1195 sexto,
1912 1170 2012 1192 mense
2035 1166 2188 1200 februarii

1222 1199 1270 1228 die
1293 1200 1374 1235 XXV,
1402 1202 1570 1233 indictione
1593 1211 1688 1235 scoeta.
1714 1208 1774 1246 Eyo
1792 1210 1968 1243 Frasncllus
1988 1215 2021 1244 de
2042 1217 2181 1256 Paliano‚

1218 1258 1404 1289 procurator
1422 1255 1530 1284 Sibilie
1552 1258 1667 1287 Robcrti
1689 1260 1722 1289 de
1743 1262 1841 1292 Raone
1864 1267 1960 1302 neptis
1984 1277 2045 1297 mee
2068 1271 2108 1298 ad
2133 1272 2187 1302 hoc

1220 1305 1394 1341 specialiter
1408 1309 1591 1338 constitutus
1605 1311 1642 1339 ab
1661 1313 1727 1349 ipsa
1741 1323 1842 1344 coram
1860 1317 2003 1348 Riccardo
2017 1323 2186 1354 scriniario

1221 1362 1247 1386 et
1274 1359 1396 1388 testibus
1424 1361 1650 1400 inffascriptis,
1680 1365 1736 1394 hac
1761 1367 1808 1396 die
1827 1373 1978 1407 presenti,
2002 1381 2138 1410 presente
2160 1382 2189 1406 et

1220 1413 1422 1441 consentiente
1438 1413 1573 1444 Oderisio
1589 1418 1702 1446 marito
1717 1419 1794 1449 dicte
1806 1422 1957 1459 mulieris,
1970 1429 2187 1461 procuratorio

1220 1465 1345 1493 nomine
1362 1466 1459 1502 ipsius
1471 1468 1567 1497 vendo
1579 1474 1605 1498 et
1617 1471 1860 1502 irrevocabiliter
1873 1477 1959 1505 trado
1973 1479 2028 1507 tibi
2040 1481 2187 1517 maglistro

1220 1516 1351 1552 Roffrido
1379 1518 1479 1548 Uberti
1496 1524 1712 1557 procuratorio
1733 1527 1858 1556 nomine
1880 1537 1938 1565 pro
1959 1530 2082 1561 domino
2102 1543 2186 1572 papa

1219 1569 1342 1606 suisque
1362 1573 1580 1602 suecessoribus
1598 1576 1722 1605 nomine
1739 1578 1871 1608 Romane
1887 1582 2006 1612 ecclesie
2023 1586 2187 1623 recipienti

1219 1622 1260 1650 ad
1271 1631 1345 1660 opus
1357 1628 1384 1652 et
1398 1625 1563 1655 utilitatem
1579 1628 1678 1664 ipsius
1688 1630 1719 1658 in
1734 1637 1924 1669 perpetuum,
1940 1637 2077 1667 videlicet
2090 1644 2186 1669 totam

1219 1672 1416 1713 et'inteyram
1434 1683 1551 1715 partem
1573 1681 1672 1718 ipsius
1694 1684 1835 1714 mulieris
1856 1696 1938 1717 roccc
1959 1694 1985 1718 et
2007 1693 2102 1721 castri
2123 1693 2186 1722 Pa-

1221 1728 1311 1763 liani,
1325 1738 1360 1758 ac
1371 1738 1453 1759 rocce
1463 1736 1489 1760 et
1500 1734 1595 1762 castri
1607 1734 1756 1772 Serronis,
1771 1746 1841 1767 cum
1851 1739 1989 1771 domibus
2000 1748 2025 1772 et
2036 1746 2185 1776 casalinis

1219 1781 1259 1809 ad
1274 1782 1372 1819 ipsam
1393 1784 1477 1819 infra
1493 1786 1607 1815 easdem
1624 1796 1724 1818 roccas
1734 1792 1961 1828 pertinentibus
1973 1801 1999 1825 et
2013 1806 2081 1826 cum
2099 1801 2186 1829 omni

1212 1834 1287 1870 jure
1302 1835 1522 1871 jurisdictione
1540 1839 1653 1869 honore
1672 1847 1698 1870 et
1719 1845 1836 1873 actione
1856 1851 1882 1874 et
1906 1852 1967 1877 tam
1988 1849 2021 1878 in
2045 1853 2186 1882 vassallis

1219 1895 1311 1923 quam
1324 1889 1353 1917 in
1367 1891 1466 1925 terris,
1477 1892 1583 1928 vineis,
1592 1896 1700 1930 pratis,
1712 1898 1872 1934 montibus,
1884 1900 2016 1937 collibus,
2027 1904 2182 1941 planitiis,

1217 1940 1322 1975 sili-is,
1339 1944 1476 1979 pascuis,
1500 1947 1589 1981 aquis
1606 1952 1632 1975 et
1647 1949 1889 1980 comunitatibus
1909 1955 2061 1985 universis
2074 1979 2080 1991 ,
2104 1959 2184 1988 sicut

1217 1992 1294 2021 dicte
1312 1995 1437 2023 mulieri
1458 2001 1485 2025 et
1504 1998 1663 2028 heredibus
1679 2002 1744 2030 suis
1760 2009 1932 2041 competunt
1949 2016 2005 2044 pro
2021 2009 2120 2039 diviso
2138 2013 2186 2041 vel

1217 2045 1353 2074 ‘indiviso
1376 2048 1408 2075 in
1428 2050 1574 2085 predictis
1592 2053 1702 2081 castris
1720 2055 1804 2083 intus
1823 2062 1849 2085 et
1871 2064 1956 2087 eoetra
1979 2066 2005 2089 et
2017 2071 2072 2098 per
2087 2068 2184 2093 totum

1217 2099 1389 2128 eorumdem
1407 2106 1577 2132 castrorum
1595 2106 1786 2136 territorium
1808 2114 1834 2138 et
1849 2110 2035 2149 districtum,
2054 2120 2080 2144 et
2097 2118 2185 2153 quic-

1218 2151 1294 2187 quid
1308 2152 1389 2181 dicta
1408 2155 1520 2183 mulier
1538 2157 1584 2185 ¹vel
1602 2158 1666 2186 alia
1684 2167 1813 2196 persona
1832 2172 1889 2199 pro
1912 2165 1974 2201 ipsa
1991 2166 2025 2195 de
2036 2169 2184 2204 predictis

1216 2205 1357 2233 omnibus
1366 2207 1508 2243 possidet,
1526 2213 1622 2239 totum
1635 2212 1778 2249 confiteor
1789 2216 1911 2244 nomine
1921 2218 2051 2248 Romane
2064 2223 2184 2252 ecclesie

1213 2257 1380 2294 possidere,
1403 2264 1428 2288 et
1444 2269 1461 2289 a
1476 2264 1612 2298 presenti
1633 2264 1668 2293 do
1685 2274 1720 2293 ac
1735 2268 1859 2296 concedo
1880 2271 2002 2300 nominc
2019 2273 2096 2302 dicte
2113 2284 2182 2304 mu-

1217 2309 1302 2338 lieris
1318 2310 1410 2339 eidem
1431 2312 1555 2342 domino
1569 2324 1646 2353 pape
1661 2322 1687 2345 et
1700 2321 1918 2350 successoribus
1934 2325 2000 2352 suis
2014 2326 2136 2361 plenam
2156 2333 2183 2357 et

1217 2361 1342 2391 liberam
1359 2369 1530 2400 potestatem
1556 2368 1698 2398 intrandi
1717 2375 1742 2399 et
1763 2373 1934 2410 accipiendi
1953 2385 2008 2412 per
2023 2386 2052 2406 se
2070 2380 2113 2408 cel
2128 2389 2184 2417 per

1214 2420 1442 2450 procuratorem
1473 2427 1563 2447 suum
1596 2423 1779 2453 auctoritate
1807 2426 1936 2463 propria
1966 2432 2183 2466 possessionem

1216 2468 1357 2496 omnium
1374 2470 1597 2508 predictorum,
1617 2479 1643 2502 et
1660 2475 1790 2505 habendi
1806 2480 1928 2508 tenendi
1946 2483 2121 2518 possidendi
2143 2486 2183 2514 ad

1216 2527 1289 2555 opus
1305 2525 1331 2548 et
1352 2522 1517 2551 utilitatem
1538 2525 1670 2555 Romane
1688 2529 1805 2558 ecclesie
1829 2532 1861 2559 in
1881 2538 2058 2569 perpetuum
2075 2539 2182 2567 omnia

1212 2708 1237 2735 1.
1253 2708 1287 2734 ‘25
1302 2709 1406 2736 few-ier
1424 2711 1499 2738 1233.
1512 2726 1549 2733 —
1563 2712 1672 2746 Sibitia,
1691 2716 1746 2742 fille
1762 2717 1796 2743 de
1812 2718 1922 2748 Robert.
1938 2721 1973 2748 de
1989 2723 2098 2757 Raone,
2109 2735 2181 2755 avec

1174 2755 1201 2781 le
1221 2761 1442 2785 consentement
1464 2759 1499 2785 de
1520 2769 1574 2787 son
1597 2763 1666 2789 mari
1689 2764 1837 2799 Oderisio,
1854 2771 2038 2803 represent&
2060 2782 2110 2808 par
2125 2783 2179 2802 son

1175 2804 1258 2830 oncle
1281 2804 1428 2833 Frasnello
1451 2807 1487 2834 de
1509 2808 1642 2843 Paliano,
1659 2812 1729 2839 cizde
1750 2815 1766 2840 ὁ
1788 2816 1888 2842 manre
1910 2817 2044 2853 Roffredo
2066 2821 2178 2856 Uberti,

1174 2860 1248 2886 pour
1263 2853 1289 2879 le
1306 2862 1378 2888 pape
1393 2855 1533 2890 G1·‹⁵,goire
1548 2857 1603 2890 IX.
1619 2862 1686 2886 tous
1696 2869 1745 2888 ses
1759 2862 1849 2890 droits
1866 2872 1918 2891 sur
1934 2865 2051 2895 Paliano
2066 2874 2095 2897 et
2111 2870 2180 2898 Ser-

1175 2908 1259 2932 rone,
1284 2907 1460 2937 moyennant
1485 2913 1542 2932 une
1564 2914 1675 2934 somme
1699 2909 1734 2936 de
1760 2911 1810 2938 160
1834 2912 1936 2946 livres,
1959 2919 2059 2944 versiae
2081 2927 2132 2953 par
2154 2920 2181 2946 le

1175 2949 1313 2976 camerien—
1333 2950 1448 2980 Benoit.
1468 2967 1501 2973 —
1522 2953 1563 2980 Le
1583 2959 1642 2982 mot
1664 2958 1828 2987 venditionis
1849 2970 1865 2988 a
1887 2964 1932 2989 ἐῑὸ
1955 2967 2076 3000 supple&
2095 2970 2182 3002 apres

1174 3004 1260 3032 coup.
