2392 3571
168 340 226 370 590
710 336 759 365 LE
783 336 926 366 LIBER
949 335 1182 366 CENSUUM
1204 335 1259 365 DE
1282 326 1467 365 L’EGLISE
1491 335 1700 366 ROMAINE.

211 406 346 439 principis
363 404 555 438 apostolorum
571 402 605 428 de
622 401 699 428 Urbe
715 404 742 427 et
757 401 903 436 Jacobu1s1
920 401 995 428 Petri
1012 401 1078 428 Gilii
1095 401 1167 428 civis

207 453 356 479 Romanus
370 460 433 478 cum
452 451 670 477 inclinatissimo
686 450 822 476 famulatu
838 450 939 477 devota
954 450 1057 485 pedum
1069 450 1167 476 oscula

210 502 366 527 beatorum.
390 499 510 525 Solliciti
534 503 617 533 prout
637 498 771 524 convenit
791 498 866 524 circa
885 499 1039 525 commissa
1056 498 1137 524 nobis
1151 507 1167 524 a

209 549 359 576 sanctitate
376 553 484 575 vestra.
505 547 597 573 eidem
621 546 765 572 sanctitati
786 550 883 573 tenore
906 547 1081 582 presentium
1099 547 1167 573 inti-

207 606 317 624 mamus
338 596 411 631 qnod
435 596 588 629 magistros
613 595 708 628 operis
729 595 850 621 ecclesie
868 595 941 621 beati
958 595 1033 622 Petri
1049 601 1077 621 et
1096 595 1167 622 alios

204 647 387 681 quamplures
403 645 429 670 in
449 652 535 670 unum
553 651 645 677 nuper
661 644 826 670 curavimus
841 652 1027 678 congregare,
1045 644 1166 670 sollicite

206 695 406 729 perquirentes
434 693 467 719 ab
495 693 538 719 eis
569 697 598 718 ut
626 692 693 727 quid
722 692 755 718 de
780 701 866 728 opere
892 693 1020 728 ejusdem
1045 693 1165 720 ecclesie

204 744 326 771 finiendo
343 744 385 769 eis
402 743 504 768 melius
521 741 675 772 videretur,
693 742 716 768 si
732 741 848 768 deberet
868 741 896 768 in
919 743 982 776 ipso
998 750 1084 776 opere
1100 750 1166 777 pro-

205 793 276 820 cedi.
295 792 376 817 nobis
393 791 578 817 intentionem
595 798 676 816 suam
694 790 812 817 fideliter
825 790 977 825 aperirent*
992 789 1048 822 Qui
1060 791 1166 825 magis-

203 843 237 868 tri
254 841 408 867 deliberato
424 839 544 866 consilio
562 839 772 873 responderunt
788 839 863 873 quod
880 840 945 866 licet
967 839 998 866 ad
1020 843 1166 866 sustenta-

203 891 306 916 tionem
332 888 424 923 ipsins
440 888 561 914 ecclesie
582 888 726 914 euscentri
746 893 866 922 possunt
882 888 941 915 fieri
959 893 1043 923 prout
1058 889 1164 915 dudum

203 939 229 964 in
247 942 338 963 vestra
354 938 496 971 presentia
508 936 708 965 condixerunt,
725 937 926 964 nichilominus
943 941 1034 964 tamen
1051 946 1101 972 per
1112 938 1164 964 alia

202 995 256 1020 que
283 990 380 1020 postea
408 985 539 1011 viderunt
564 985 651 1010 multo
674 985 716 1010 eis
741 985 886 1011 salubrius
915 985 1064 1012 videbatur
1088 985 1164 1020 quod

202 1035 357 1060 destructis
380 1034 536 1069 parietibus
559 1034 651 1068 ipsius
674 1034 796 1059 ecclesie
819 1042 853 1060 ex
879 1038 999 1068 utroque
1016 1035 1100 1061 latere
1115 1035 1164 1070 qui

203 1087 270 1109 sunt
287 1092 335 1117 per
357 1091 519 1108 mensuram
536 1082 656 1108 duorum
674 1082 832 1117 palmorum
856 1086 884 1108 et
906 1083 1015 1109 dimidii
1037 1084 1163 1110 inclinati

203 1137 229 1158 et
246 1133 271 1158 in
290 1132 433 1166 aliquibus
458 1131 528 1157 locis
548 1131 637 1166 aperti
656 1131 806 1157 reficerent
828 1131 862 1156 de
884 1140 967 1158 novo.
989 1132 1165 1158 Assorentes

202 1181 275 1216 quod
298 1181 390 1207 eidem
413 1181 558 1208 euscentri
582 1189 639 1207 non
661 1180 780 1206 minoris
802 1184 937 1215 sumptus
959 1186 1057 1208 essent
1079 1190 1164 1216 quam

203 1232 281 1264 ipsas
307 1231 443 1265 parietes,
471 1230 558 1256 salvis
584 1230 720 1264 expensis
744 1229 811 1255 tecti
835 1233 862 1255 et
885 1230 1005 1256 trabium
1032 1231 1162 1262 ecclesie,

202 1287 273 1313 quas
295 1279 377 1313 quasi
403 1278 578 1305 extimabant
597 1278 784 1304 tantumdem.
811 1277 845 1304 Et
871 1282 901 1305 ut
925 1278 959 1304 de
982 1279 1164 1306 inclinatione

203 1329 290 1362 hujus
307 1332 334 1354 et
350 1332 483 1362 apertura
499 1327 581 1354 nobis
599 1328 679 1362 plene
695 1331 849 1359 constaret,
863 1335 928 1354 cum
945 1328 1090 1362 aliquibus
1105 1337 1166 1355 ma-

203 1378 302 1411 gistris
325 1377 475 1403 ecclesiam
499 1376 683 1403 ascendimus
704 1381 898 1408 memoratam,
917 1377 1055 1403 facientes
1071 1377 1164 1404 defec-

203 1430 262 1452 tum
281 1426 438 1451 mensurari
462 1425 584 1451 eundem
604 1433 687 1459 quem
705 1429 781 1450 recte
797 1424 960 1451 invenimus
977 1430 1060 1460 prout
1076 1435 1164 1461 supe-

203 1476 262 1500 rius
285 1478 328 1500 est
343 1482 524 1509 expressum.
543 1473 644 1507 Igitur,
663 1478 740 1508 pater
756 1474 953 1504 sanctissime,
971 1474 1037 1508 quia
1051 1478 1165 1508 tempus

204 1523 290 1548 instat
312 1523 421 1556 operari
445 1522 581 1556 deinceps
605 1526 632 1547 et
654 1522 713 1548 cals
737 1526 764 1548 et
785 1522 837 1548 alia
859 1522 981 1556 quedam
1003 1524 1165 1549 necessaria

202 1571 235 1596 ad
252 1580 325 1605 opus
342 1571 531 1597 inchoandum
549 1574 577 1596 et
592 1571 823 1605 persequendum
840 1571 898 1597 sint
914 1576 1024 1606 parata,
1047 1580 1081 1597 ne
1097 1580 1164 1606 pos-

202 1628 300 1646 semus
321 1620 354 1646 de
376 1620 549 1653 negligentia
570 1620 741 1654 reprebendi
763 1628 850 1654 super
871 1620 1023 1655 predictis,
1049 1629 1099 1655 per
1118 1621 1164 1647 lit—

203 1673 277 1695 teras
303 1674 413 1695 nostras
438 1673 466 1694 et
489 1668 604 1695 latorem
632 1670 807 1703 presentium
834 1673 957 1695 vestram
984 1670 1165 1696 sanctitatem

204 1718 367 1744 curavimus
383 1718 555 1751 scislclitare
572 1722 601 1744 ut
618 1718 777 1743 mandetis¹
793 1726 840 1751 per
852 1726 916 1744 eum
930 1718 972 1744 vel
988 1718 1074 1744 alium
1091 1719 1166 1745 sicut

203 1772 297 1793 vestra
322 1768 493 1801 processerit
515 1768 666 1793 sanctitate
685 1767 750 1800 qnid
773 1775 856 1800 agere
874 1767 1040 1794 debeamus.
1057 1767 1109 1794 Cui
1126 1768 1166 1794 la-

203 1817 255 1841 tori
285 1820 416 1850 tanquam
442 1816 479 1841 illi
503 1817 551 1850 qui
576 1816 712 1849 predictis
740 1816 868 1842 interfuit
893 1817 967 1842 circa
991 1817 1115 1850 predicta
1139 1820 1167 1843 et

203 1864 315 1897 singula
335 1864 526 1898 predictorum
544 1865 626 1890 fidem
644 1865 830 1890 indubitatam
848 1864 983 1890 adbibere
1000 1866 1129 1899 potestis.

172 2018 367 2056 [CCCXLIXJ.
390 2037 418 2040 μ
444 2022 484 2048 Da
505 2031 614 2052 omont
636 2031 703 2048 Leon
725 2031 749 2048 m
771 2022 879 2047 Annam
896 2030 998 2047 vocam
1016 2022 1166 2048 ΟᾸΝΕιΑΥΕ

204 2077 235 2094 ετ
252 2077 383 2098 LOQL'tTt‘R
400 2079 431 2096 nn
449 2079 563 2097 nennio
581 2080 656 2097 υεΑτι
676 2070 757 2097 Parni
769 2071 788 2096 ².

239 2171 298 2197 Hoc
315 2176 358 2197 est
375 2173 512 2206 scriptum
534 2172 609 2206 quod
629 2174 766 2206 magister
783 2173 914 2207 Synitius
930 2181 1042 2200 camere
1058 2173 1165 2200 domini

204 2228 272 2253 pape
288 2221 420 2253 clericus,
440 2221 557 2246 nuntius
571 2222 727 2255 apostolice
744 2221 821 2247 sedis
838 2222 863 2247 in
880 2222 992 2256 Angba,
1009 2222 1042 2248 ad
1058 2223 1165 2249 curiam

202 2269 369 2303 apportavit.

237 2317 338 2351 Incipit
364 2319 405 2344 lex
429 2327 484 2352 que
505 2319 610 2352 Anglie
633 2318 775 2354 Danelaye
797 2323 896 2346 vocata
920 2324 979 2351 est,
997 2320 1081 2346 latine
1098 2329 1165 2346 vero

202 2365 259 2391 Lex
277 2365 418 2393 Dacorum
440 2370 483 2393 est
504 2367 702 2401 interpretata,
725 2368 758 2393 ab
781 2368 971 2394 invictissimo
993 2373 1020 2395 at
1040 2369 1165 2403 glorioso

203 2423 268 2448 rege
286 2415 458 2449 Anglornm,
476 2415 630 2447 Dacorum,
648 2415 878 2450 Noragenorum,
897 2416 1068 2451 Suenorum,
1086 2417 1165 2443 Ken-

204 2467 270 2489 nuto
300 2464 428 2490 instituta
458 2468 485 2489 et
514 2464 665 2498 diligenter
690 2465 832 2491 custodita
858 2465 978 2491 consilio
1003 2466 1164 2500 principum

202 2519 320 2538 suorum
338 2516 366 2538 ct
381 2513 552 2547 sapientum.

237 2560 337 2587 Omnis
353 2561 401 2594 qni
417 2561 501 2587 habet
517 2569 572 2587 xxx
586 2561 746 2589 denariatas
763 2563 826 2589 vive
844 2563 965 2598 pecunie
977 2564 1003 2589 in
1016 2563 1100 2590 domo
1112 2572 1164 2590 sua

202 2609 235 2635 de
249 2618 301 2635 suo
318 2610 430 2644 proprio
447 2610 607 2644 Anglornm
625 2611 687 2645 lege
705 2611 781 2637 dabit
801 2611 949 2638 denarium
967 2613 1059 2639 sancti
1077 2612 1163 2643 pen-l,

206 2791 227 2816 l.
246 2791 306 2815 l‘orl.
326 2790 481 2816 mandates.

202 2840 229 2865 ⁴3,
250 2839 324 2865 1⁰31.
340 2853 372 2858 —-
389 2839 668 2871 Mul-at01=i,A1zt.‚t.
688 2840 722 2873 V,
741 2851 766 2874 p,
785 2841 844 2867 8ἳῖΔ
864 2857 895 2860 -
912 2841 961 2868 Loi
978 2842 1011 2868 de
1028 2842 1124 2868 Kanut
1140 2843 1164 2868 le

169 2886 262 2912 Grand
280 2896 327 2912 sur
346 2888 368 2912 le
385 2887 481 2913 denier
496 2888 530 2913 de
547 2888 751 2914 Saint-Pierre.
777 2889 812 2915 Le
833 2894 909 2916 texte
928 2899 962 2916 en
980 2891 1021 2916 lut
1038 2891 1164 2917 recueilli

169 2943 217 2969 par
234 2936 366 2967 stultius,
384 2944 472 2960 nonce
489 2936 521 2961 de
538 2936 666 2962 Clement
681 2936 721 2962 IV
735 2946 769 2963 en
784 2938 954 2971 Angleterre
971 2939 1076 2973 (Ῑῗ66);
1095 2939 1164 2965 c'est

168 2983 279 3017 d'apres
294 2992 323 3008 su
340 2984 419 3017 copie
434 2985 500 3017 qu'il
519 2984 608 3018 figure
625 2985 671 3011 ici.
688 2984 728 3010 Cf.
749 2986 841 3018 Etmie,
861 2995 886 3020 p.
906 2986 964 3019 13⁴,
984 2987 1042 3014 135.

1284 406 1312 427 et
1332 401 1393 435 lege
1418 401 1563 428 Danorum
1587 401 1731 428 dimidiam
1757 405 1920 428 marcatam.
1946 401 2003 427 Iste
2021 410 2086 428 vero
2109 402 2244 429 denarius

1283 449 1368 476 debet
1392 451 1566 476 summoveri
1596 450 1623 476 in
1652 449 1864 484 sollempnitate
1892 450 2086 484 apostolorum
2116 451 2192 477 Petri
2217 453 2246 477 et

1283 497 1372 529 Pauli,
1391 502 1419 524 et
1434 498 1528 532 colligi
1545 502 1611 525 ante
1626 498 1809 525 festivitatem
1824 506 1879 532 que
1895 497 2000 524 dicitur
2013 498 2057 524 Ad
2072 498 2196 531 vincula,
2207 498 2245 525 ita

1284 550 1313 573 ut
1331 547 1402 573 ulti-a
1425 547 1502 573 illum
1526 546 1602 573 diem
1625 555 1680 573 non
1700 546 1870 573 detineatur.
1888 546 1918 572 Si
1934 546 2076 581 quispiam
2092 546 2246 573 detinuerit

1282 596 1315 622 ad
1330 596 1471 630 justitiam
1485 596 1560 630 regis
1571 595 1725 627 deferatur,
1738 595 1872 629 quoniam
1884 595 2018 621 denarius
2033 596 2078 622 hic
2091 596 2246 622 elemosina

1283 645 1361 678 regis
1377 649 1430 671 est.

1317 692 1434 720 Justitia
1456 701 1522 720 vero
1545 695 1609 728 ejus
1629 694 1714 720 faciet
1736 692 1882 719 denarium
1900 693 2017 719 reddere
2038 698 2066 719 et
2081 693 2246 720 forisfactu-

1283 751 1341 768 ram
1357 743 1484 777 episcopi
1498 746 1526 768 et
1539 743 1615 776 regis
1627 752 1632 774 3
1649 742 1724 776 quod
1737 742 1759 768 si
1772 742 1868 777 plures
1881 741 1982 768 domos
1997 741 2137 773 habuerit⁷
2155 742 2189 768 dc
2202 742 2246 768 illa

1285 792 1331 818 ubi
1347 792 1477 818 residens
1493 791 1577 817 fuerit
1592 792 1618 817 in
1636 791 1707 817 festo
1721 790 1914 825 apostolorum
1931 790 2005 816 Petri
2021 796 2048 817 et
2066 790 2143 817 Pauli
2159 790 2246 817 dena-

1283 841 1355 866 rium
1374 840 1481 866 reddat.

1319 889 1388 915 Item
1406 889 1471 915 alibi
1489 889 1515 914 in
1532 888 1632 914 eodem
1650 889 1732 914 libro.

1320 937 1473 964 Pecuniam
1494 941 1588 963 autem
1612 937 1703 963 sancti
1729 936 1804 963 Petri
1827 944 1913 970 quam
1931 936 2045 970 Anglici
2069 936 2245 963 Romescoth

1284 991 1395 1020 vocant,
1408 986 1446 1012 sit
1457 986 1601 1021 persoluta
1616 986 1643 1012 in
1660 986 1733 1012 testo
1744 985 1834 1011 sancti
1850 984 1924 1011 Petri
1938 985 1964 1011 in
1979 985 2118 1019 principio
2130 985 2246 1019 augusti

1283 1035 1408 1062 mensis:
1433 1038 1459 1060 et
1483 1034 1532 1068 qui
1557 1043 1611 1060 non
1637 1042 1670 1060 eo
1695 1034 1739 1060 die
1763 1034 1946 1068 persolverit,
1963 1034 2046 1059 etiam
2066 1035 2090 1060 si
2112 1038 2155 1060 est
2172 1041 2247 1060 unus

1282 1083 1432 1117 denarius,
1453 1083 1501 1117 qui
1525 1083 1592 1109 dare
1616 1091 1679 1109 eum
1705 1082 1802 1108 debuit
1819 1086 1847 1108 et
1870 1090 1924 1108 non
1946 1082 2022 1108 dedit
2039 1082 2160 1116 accipiat
2175 1090 2247 1108 eun-

1282 1132 1362 1165 dem,
1380 1136 1407 1158 et
1425 1133 1542 1167 insuper
1561 1140 1617 1158 xxx
1632 1132 1780 1164 denarios,
1797 1136 1825 1157 et
1841 1135 1934 1166 portet
1952 1130 2060 1158 Rome:
2078 1135 2105 1156 et
2120 1138 2185 1157 cum
2203 1138 2247 1156 rc-

1283 1181 1366 1207 dierit
1382 1182 1435 1207 tale
1451 1181 1565 1215 signum
1581 1189 1678 1207 secum
1695 1184 1821 1214 reportet
1840 1183 1870 1206 nt
1889 1184 1998 1206 certum
2014 1181 2052 1206 sit
2065 1179 2141 1213 quod
2155 1179 2247 1206 Rome

1282 1230 1367 1256 fuerit
1383 1234 1410 1256 et
1428 1231 1508 1256 beato
1531 1229 1614 1256 Petro
1635 1229 1673 1255 ibi
1696 1237 1751 1255 xxx
1771 1233 1798 1255 et
1822 1237 1909 1255 unum
1927 1228 2075 1254 denarium
2097 1228 2172 1254 sicut
2188 1231 2248 1254 sta-

1284 1283 1375 1305 tutum
1392 1282 1436 1304 est
1459 1278 1637 1313 persolverit.
1658 1277 1728 1304 Cum
1752 1282 1845 1303 autem
1864 1285 1998 1303 reversus
2014 1277 2099 1303 suerit
2120 1276 2247 1310 domum,

1284 1328 1426 1361 persolvat
1449 1327 1508 1361 regi
1532 1334 1567 1353 Lx
1587 1326 1704 1352 solidos.
1728 1325 1758 1351 Si
1781 1333 1846 1351 vero
1864 1325 1937 1351 idem
1955 1325 2082 1351 secundo
2099 1325 2247 1351 retinuerit

1282 1375 1414 1401 similiter
1430 1376 1545 1401 omnino
1561 1375 1653 1401 saciat.
1669 1374 1765 1400 Tertio
1783 1378 1877 1400 autem
1895 1374 1918 1399 si
1935 1374 2096 1403 retinuerit,
2113 1373 2246 1400 anseran—

1283 1429 1328 1450 tur
1343 1426 1368 1449 ei
1386 1424 1480 1450 omnia
1497 1424 1569 1449 bona
1585 1432 1646 1449 sua.

1251 1578 1371 1612 [OCCL].
1397 1591 1432 1598 —-
1457 1577 1591 1609 Qnmmo
1618 1576 1783 1603 Bananman
1807 1584 1840 1602 na
1864 1575 2006 1602 Secum-„To
2030 1584 2062 1602 nn
2085 1584 2176 1602 ossus
2199 1584 2248 1602 ran

1284 1636 1336 1654 EUM
1353 1636 1378 1653 m
1395 1635 1499 1653 CAMERA
1516 1634 1609 1653 notium
1625 1634 1692 1651 palpa
1706 1629 1724 1651 ¹.

1320 1729 1478 1763 Gregorius
1502 1729 1657 1763 episcopus
1682 1736 1784 1754 servus
1811 1735 1959 1753 servorun]
1987 1726 2038 1752 Dei
2064 1726 2167 1753 dilecto
2192 1726 2249 1752 filio

1285 1779 1421 1812 magistro
1439 1777 1611 1811 Berengario
1632 1776 1666 1802 de
1690 1776 1828 1802 Secureto
1847 1777 1991 1811 preposito
2008 1776 2129 1801 ecclesie
2147 1774 2247 1801 Marsi-

1285 1827 1385 1852 liensis
1401 1826 1519 1852 salutem
1537 1831 1563 1851 et
1583 1825 1766 1860 apostolicam
1790 1825 2029 1851 benedictionem.
2047 1823 2118 1850 Cum
2136 1824 2248 1850 diversa

1285 1877 1311 1901 in
1328 1884 1438 1901 camera
1454 1880 1550 1900 nostra
1571 1873 1737 1900 inmorando
1751 1873 1861 1899 diutius
1874 1873 1964 1899 officia
1977 1873 2105 1907 gesseris
2121 1872 2248 1898 laudabi-

1285 1925 1348 1950 liter
1371 1929 1397 1949 et
1415 1924 1577 1958 prudenter,
1595 1926 1623 1948 et
1640 1922 1750 1948 fidelem
1769 1922 1850 1948 nobis
1864 1930 1895 1947 ac
1913 1921 2065 1956 plenariam
2080 1922 2163 1955 juxta
2181 1928 2248 1946 nos—

1285 1978 1359 1999 trum
1383 1972 1592 2006 beneplacitum
1621 1971 1747 1997 redderis
1773 1971 1925 2000 rationem,
1951 1970 2078 1995 volentes
2098 1969 2184 1995 :inimi
2209 1969 2248 1995 tui

1285 2022 1434 2057 providere
1451 2022 1549 2055 quieti,
1568 2021 1601 2046 de
1618 2020 1753 2046 omnibus
1769 2027 1824 2054 que
1840 2027 1929 2053 usqne
1946 2019 1978 2044 ad
1998 2023 2158 2052 presentem
2174 2018 2247 2043 diem

1285 2072 1401 2105 gessisti
1419 2079 1470 2097 seu
1489 2070 1621 2104 recepisti
1644 2073 1672 2095 et
1694 2068 1854 2103 expendisti
1881 2076 1930 2102 pro
1952 2076 2063 2093 camera
2086 2073 2111 2092 te
2135 2067 2249 2101 penitus

1284 2120 1460 2146 absolvimus
1476 2124 1503 2144 ct
1519 2119 1697 2153 quictamus,
1715 2118 1752 2143 ita
1774 2117 1848 2151 quod
1872 2117 1904 2142 ad
1929 2117 2011 2142 aliam
2031 2117 2167 2142 rationem
2185 2115 2247 2141 red-

1284 2170 1404 2195 dendam
1424 2169 1542 2194 ulterius
1556 2168 1718 2194 nullatcnus
1731 2166 1865 2197 tenearis,
1882 2167 1932 2192 bas
1948 2167 1996 2191 tibi
2011 2166 2120 2191 litteras
2135 2169 2248 2191 nostras

1285 2219 1310 2244 in
1337 2219 1424 2252 hujus
1451 2217 1488 2243 rei
1513 2217 1708 2243 testimoninm
1734 2215 1936 2241 concedentes,
1960 2214 2063 2240 Datum
2090 2213 2246 2243 Gebennis.

1286 2267 1324 2293 VI
1340 2268 1376 2293 id.
1395 2267 1515 2296 octobr„
1535 2266 1716 2300 pontificatus
1733 2269 1821 2290 nostri
1838 2271 1911 2289 anno
1927 2267 2036 2297 quarto.

1252 2421 1403 2455 [CCCL112.
1423 2435 1454 2440 --·
1473 2419 1660 2446 Innocentius
1676 2419 1832 2454 episcopus
1848 2425 1950 2444 servus
1971 2425 2119 2443 servorum
2138 2415 2190 2442 Dei
2205 2415 2249 2442 di-

1284 2471 1356 2496 lecto
1372 2470 1428 2495 filio
1446 2469 1480 2496 N.
1498 2469 1653 2495 camerario
1671 2471 1768 2493 nostro
1784 2467 1904 2493 salutem
1922 2470 1949 2492 et
1962 2465 2147 2500 apostolicam
2162 2465 2249 2491 bene-

1283 2519 1446 2545 dictionem.
1473 2517 1514 2543 Ne
1537 2517 1609 2543 forte
1630 2525 1717 2550 snper
1737 2516 1891 2542 camerarie
1914 2518 2009 2541 nostre
2025 2513 2116 2540 officio
2131 2522 2145 2540 a
2168 2513 2250 2540 nobis

1284 2695 1306 2720 1.
1326 2693 1456 2725 Gen'eve,
1479 2692 1493 2718 S
1514 2691 1630 2717 octobre
1653 2690 1729 2716 1275.
1751 2703 1786 2709 —
1807 2688 1956 2722 Decharge
1977 2687 2087 2713 donne'e
2109 2694 2158 2720 par
2178 2684 2250 2712 Gre-

1246 2745 1325 2778 goire
1338 2743 1363 2768 X
1377 2745 1391 2768 ἐι
1403 2740 1662 2775 maitrclsserenger
1675 2739 1709 2765 de
1723 2738 1854 2772 Sbguret,
1870 2738 1969 2772 prevot
1980 2736 2013 2762 de
2027 2735 2177 2769 Marsessle,
2189 2742 2249 2760 em-

1247 2793 1328 2827 ploye
1342 2792 1376 2817 de
1392 2792 1415 2817 la
1430 2789 1570 2816 Cbambre
1581 2787 1769 2823 apostolique.
1783 2786 1826 2813 Cf.
1839 2786 1998 2817 ci-dessus‚
2013 2790 2040 2810 n⁰
2053 2781 2248 2810 CCCXLVII.

1283 2841 1307 2867 ’3.
1327 2840 1415 2874 Lyon,
1430 2840 1444 2865 6
1459 2839 1562 2865 se'vrier
1580 2838 1655 2864 1247.
1667 2852 1701 2856 —
1714 2836 1861 2870 Decharge
1872 2835 1982 2860 donnee
1996 2842 2044 2868 par
2054 2832 2194 2859 Innocent
2205 2829 2245 2857 IV

1246 2891 1261 2915 a
1277 2897 1329 2915 son
1346 2888 1484 2914 caniet-ier
1504 2887 1538 2913 N.
1560 2901 1593 2906 —
1614 2885 1669 2912 Les
1691 2888 1771 2911 notes
1792 2889 1831 2909 n0⁵
1849 2879 2121 2909 CCCLI-CCCLVII
2137 2883 2186 2905 ont
2203 2880 2248 2905 ete

1246 2940 1374 2972 ajoutees
1390 2936 1636 2963 successivement
1652 2943 1702 2961 sur
1717 2935 1741 2960 le
1759 2941 1841 2959 verso
1862 2931 1898 2957 du
1919 2931 2032 2957 dernier
2048 2930 2155 2956 feuillet
2172 2928 2246 2960 (253)

1247 2987 1311 3012 d'nn
1328 2986 1424 3012 cahier
1439 2994 1486 3020 par
1503 2985 1594 3018 lequel
1611 2992 1642 3010 se
1659 2983 1802 3009 terminait
1817 2982 1892 3007 alors
1910 2981 1934 3006 lc
1950 2979 2120 3006 manuscrit.
