2392 3571
627 345 677 374 LE
701 345 846 375 LIBER
869 345 1103 376 CENSUUM
1126 345 1181 374 DE
1204 337 1392 375 L'EGLISE
1414 346 1624 378 ROMAINE.
2117 351 2174 381 527

119 409 203 437 mino
217 417 297 446 papa
318 414 344 438 et
364 410 428 446 ejus
448 411 666 439 successoribus
685 411 782 448 adilae
799 412 919 440 ecelesia
938 413 1083 446 Romana,

118 465 143 490 et
165 466 270 490 contra
292 470 352 490 non
378 463 489 491 venire.
518 463 600 498 Quod
621 464 648 492 si
668 469 773 492 contra
795 465 970 499 facerimuS,
998 465 1043 493 vel
1060 465 1086 493 si

92 536 95 537 γ
115 514 251 551 predicta
269 515 405 552 capitula
420 516 525 544 omnia
543 516 628 553 plene
645 525 703 545 non
721 517 998 552 observaverimus,
1012 525 1087 554 pro-

117 567 206 596 mitto
227 568 309 596 vobis
333 568 466 604 leyitime
487 568 707 605 stipulantibus
728 569 800 597 dare
824 574 850 597 et
868 570 981 598 soluere
1006 570 1087 598 vobis

116 628 173 656 pro
197 620 320 648 domino
340 629 420 658 papa
443 625 468 648 et
491 621 615 649 ecclesia
636 621 787 655 Romana,
814 626 883 650 ante
910 630 997 650 omne
1023 622 1088 650 litis

118 673 326 709 principium.
344 673 471 710 duplum
496 673 574 701 dicte
592 674 719 710 pecunie
738 675 861 702 nomine
879 683 965 711 pene,
992 682 1086 711 pena-

117 733 173 761 que
191 725 290 753 soluta
305 725 357 753 bec
373 729 458 754 carta
472 724 566 761 firma
579 730 769 761 permaneat.
783 727 878 760 Quam
892 726 1021 754 scribere
1038 735 1087 755 ro-

91 799 95 802 .
117 777 190 814 yari
208 777 327 805 Petrum
347 777 494 805 Rainaldi
509 778 715 806 scriniarium
734 779 768 806 in
789 786 889 807 mense
905 783 931 807 et
949 779 997 807 dic
1016 787 1087 816 prc-

117 829 208 858 dicta.
240 828 370 867 [Actum]
395 830 430 858 in
460 830 578 867 palatio
603 830 723 859 domini
751 831 881 867 episcopi
905 831 1088 860 Narniensis

118 891 218 911 coram
236 882 300 919 ipso
316 882 459 919 episcopo.
481 882 573 911 Testes
589 883 636 910 hii
651 887 722 911 sunt
739 884 839 919 *roqati
857 894 864 910 .-

157 936 283 964 Jacobus
298 935 331 963 de
345 935 496 964 Rainalclo
513 936 681 964 canonicus
695 936 888 970 Narniensis,
911 937 1008 971 testis,-

158 988 322 1017 Rainerius
339 987 488 1016 Guitionis
502 987 537 1016 de
551 987 768 1025 Septimiliauo
782 988 815 1015 de
831 988 970 1022 Sabinia,
989 989 1087 1025 testis,-

157 1041 378 1078 Boneinsiynia.
387 1040 486 1077 judex
500 1040 534 1069 cle
550 1041 684 1069 Maliano
703 1041 736 1069 de
751 1041 888 1075 Sabiniay
910 1042 1008 1077 testis,-

160 1093 315 1122 Donadeus
330 1094 520 1122 scriniarius
534 1093 568 1122 de
586 1094 732 1127 Utriculo,
751 1094 833 1122 testis
844 1105 853 1129 ,-

157 1147 311 1175 Joliannes
327 1146 475 1174 Guidonis
490 1146 524 1174 tle
543 1146 688 1180 Utriculo,
710 1147 809 1181 testis,-

158 1199 311 1228 Joliannes
325 1198 359 1227 de
378 1199 494 1234 Tibure,
511 1199 610 1234 testis,-

158 1253 311 1281 Joliannes
326 1252 441 1280 abbatis
456 1251 490 1280 tle
506 1252 637 1286 Narnia,
657 1253 749 1280 testis.

158 1306 218 1342 Eyo
236 1305 341 1333 Petrus
362 1305 396 1333 tle
414 1305 524 1334 Sancto
546 1305 616 1334 Polo
640 1306 690 1333 Dei
708 1306 811 1342 qratia
836 1311 936 1334 sancte
959 1307 1090 1336 Romane

95 1379 101 1382 >
119 1358 235 1387 ecclesie
245 1358 443 1393 scriniarius.
461 1362 586 1394 roqatus
599 1358 678 1387 lianc
691 1359 842 1387 cartulam
855 1360 982 1396 propria
994 1368 1091 1389 manu

119 1411 239 1448 scripsi.

83 1567 138 1607 [9.]
154 1569 192 1597 De
207 1569 304 1597 eodem
319 1569 337 1596 ¹.

159 1674 198 1703 In
224 1674 349 1702 nomine
374 1674 506 1702 Domini.
534 1674 621 1702 Anno
643 1674 707 1710 ejus
729 1673 907 1702 nativitatis
928 1674 1092 1704 millesimo

123 1725 314 1762 CCXXXIIII,
334 1726 503 1755 indictione
523 1726 576 1754 VII
596 1730 621 1754 et
641 1735 723 1755 anno
744 1726 813 1755 VIII
824 1726 1022 1763 pontificatus
1038 1728 1091 1756 do-

121 1779 204 1808 mini
225 1779 362 1816 Gregorii
385 1779 470 1807 VIIII
487 1787 575 1816 pape,
597 1787 697 1807 mense
720 1783 849 1816 auyusto
868 1779 916 1807 ilie
935 1781 1009 1809 XVI.
1031 1781 1091 1818 Eyo

122 1831 246 1868 quidem
266 1831 391 1860 Jacobus
414 1831 500 1867 silius
517 1831 666 1868 presentis
684 1831 791 1859 Massei
814 1831 848 1860 de
871 1831 1010 1869 Siquim,
1028 1833 1092 1870 ipso

121 1888 208 1920 patre
224 1892 287 1912 meo
299 1888 436 1921 presente
455 1888 480 1912 et
499 1884 629 1919 volente,
650 1892 704 1912 nos
719 1884 804 1912 ambo
820 1884 952 1913 insimul
965 1885 1052 1922 filius
1066 1890 1093 1915 et

118 1937 342 1974 paterpropria
358 1942 460 1965 nostra
473 1937 547 1965 bona
563 1937 716 1965 voluntate
727 1938 945 1966 renuntiamus
958 1939 1093 1967 cedimus

123 1994 148 2018 et
164 1989 352 2018 mandamus
369 1990 449 2018 cobis
466 1990 634 2018 Crescentio
650 1989 770 2017 domini
783 1998 860 2026 pape
876 1991 1051 2028 cappellano
1066 1997 1092 2020 et

123 2043 270 2080 magistro
292 2043 434 2080 Philippo
458 2043 491 2071 de
514 2043 642 2072 Ceccano
664 2042 774 2070 nuntio
792 2042 910 2071 domini
925 2052 999 2080 pape
1017 2045 1094 2072 reci-

120 2096 276 2133 pientibus
296 2104 352 2132 pro
375 2095 498 2123 domino
518 2095 659 2132 Greyorio
677 2103 796 2123 summo
811 2096 953 2132 pontifice
972 2097 1094 2133 ejusque

123 2150 341 2178 successoribus
359 2149 388 2177 in
408 2153 588 2186 perpetuum
605 2148 643 2176 ad
659 2157 732 2185 opus
748 2153 773 2176 et
793 2149 957 2176 utilitatem
977 2150 1093 2178 ecclesie

123 2203 270 2235 Romane,
290 2201 426 2229 videlicet
445 2210 530 2229 omne
541 2201 596 2237 jus
614 2205 638 2228 et
655 2200 801 2228 actionem
820 2201 994 2237 petitionem
1012 2210 1093 2230 com-

121 2260 267 2293 petentem
294 2255 377 2283 nobis
399 2258 503 2283 contra
525 2254 677 2282 ecclesiam
697 2254 862 2282 Romanam
883 2259 909 2282 et
932 2254 1093 2283 dominum

122 2316 236 2346 papam¹
252 2308 370 2336 ratione
386 2308 556 2343 nonaqinta
571 2311 633 2335 octo
647 2306 798 2334 librarum
816 2306 1001 2335 lucrensium
1018 2316 1094 2344 quas

126 2361 270 2389 mutuavi
286 2360 503 2388 communitati
520 2359 552 2387 (le
572 2359 715 2393 striculo,
735 2359 813 2387 sieut
828 2364 952 2396 apparet
967 2368 1021 2396 per
1033 2369 1093 2397 pu-

126 2414 239 2442 blicum
269 2414 512 2441 instrumentum
539 2413 688 2449 scriptum
711 2420 765 2448 per
791 2420 919 2440 manum
944 2413 1095 2442 Joliannis

126 2467 234 2495 Enrici
249 2466 426 2499 scriniarii,
445 2465 524 2501 quod
539 2465 738 2493 cancellatum
760 2464 839 2492 robis
856 2465 955 2499 reddo,
970 2470 996 2493 et
1012 2466 1095 2494 (licta

126 2520 191 2556 ejus
213 2519 306 2547 deleri
329 2518 478 2555 precipio,
508 2521 542 2545 ut
565 2517 671 2545 amodo
697 2517 758 2545 vim
786 2517 829 2545 vel
853 2518 946 2545 robur
971 2519 1092 2546 nullum

125 2572 281 2608 optineant
297 2575 322 2598 et
339 2571 462 2598 domino
477 2578 551 2606 pape
567 2574 593 2597 et
608 2569 724 2598 ecclesie
741 2570 871 2598 Romane
890 2578 948 2598 non
971 2576 1096 2599 noceant

127 2628 153 2652 et
175 2624 257 2651 nobis
279 2631 337 2651 non
362 2622 539 2659 proficiant.
564 2621 704 2651 Cedimus
725 2631 842 2658 quoquc
862 2627 888 2651 et
910 2623 1095 2651 mandamus

127 2676 209 2704 vobis
222 2684 277 2712 pro
290 2675 413 2703 domino
427 2682 507 2711 papa
522 2679 546 2702 et
561 2674 681 2703 ecclesia
697 2675 831 2702 Romana
848 2683 950 2703 omnes
964 2676 1096 2704 actiones

127 2729 222 2757 reales
235 2733 260 2756 et
273 2727 451 2764 personales,
471 2727 580 2755 tacitas
593 2731 618 2754 et
632 2735 794 2763 etrpressas,
811 2727 901 2755 utiles
913 2732 939 2755 et
952 2727 1092 2763 ‹tn-eccas,

126 2900 152 2925 1.
173 2898 260 2925 Narni
274 2920 280 2930 ,
300 2899 330 2925 16
347 2899 414 2924 nont
433 2897 509 2924 1-234.
532 2913 564 2917 —
587 2896 740 2929 Quittance
756 2896 791 2922 de
806 2896 932 2930 Jacques
948 2900 975 2922 ot
991 2896 1026 2922 de
1041 2904 1094 2923 son

89 2948 157 2982 pere
175 2947 290 2974 Masseo
311 2946 345 2972 de
366 2946 500 2980 Seguizo.
517 2945 652 2976 Crcance,
669 2945 701 2972 98
716 2945 818 2975 livre&
835 2952 946 2970 somme
960 2945 1092 2976 touchce,

89 2995 123 3024 86
141 2995 226 3022 livi-es
242 2996 337 3022 moins
352 2995 367 3021 5
384 3003 465 3021 sous.

1207 416 1314 440 contra
1337 412 1474 441 homines
1496 413 1529 441 de
1558 415 1691 443 Iltrieulo
1708 416 1742 444 (Ie
1762 416 1856 445 debito
1880 418 1911 445 in
1932 426 1990 454 quo
2014 420 2072 456 ipsi
2091 421 2176 450 nobis

1209 464 1397 493 tenebantui&
1418 465 1502 494 Hanc
1518 471 1617 495 autem
1643 470 1853 503 refutationem
1872 475 1897 499 et
1913 472 2072 500 cessionem
2091 473 2174 502 vobis

1207 525 1262 553 pro
1277 516 1402 545 domino
1415 526 1495 555 papa
1511 523 1536 546 et
1553 520 1674 548 ecclesia
1693 521 1826 550 Romana
1841 524 1974 558 facimus
1990 525 2063 560 quia
2081 526 2176 562 liquet

1209 569 1294 596 nobis
1316 574 1449 597 castrum
1477 571 1608 599 [striculi
1632 581 1698 600 cum
1726 582 1779 601 suo
1802 576 1963 604 tenimento
1985 581 2011 604 et
2035 578 2174 607 omnibus

1207 621 1404 657 pertinentiis
1427 623 1492 650 suis
1513 624 1552 651 (ul
1574 624 1731 653 dominum
1756 635 1864 663 papam
1888 633 1914 656 et
1937 629 2092 658 ecclesiam
2120 631 2175 659 Ro-

1210 681 1335 701 manam
1360 675 1448 710 pleno
1467 676 1538 711 jure
1562 682 1707 713 spectare,
1735 683 1760 706 et
1784 681 1880 716 recepi
1903 689 1921 708 a
1948 682 2027 709 vobis
2052 683 2174 711 nomine

1210 725 1330 753 domini
1347 735 1422 763 pape
1437 732 1462 755 et
1481 729 1599 757 ecclesie
1614 730 1759 766 Romane,
1781 741 1834 768 pro
1851 734 1936 761 omni
1950 734 2132 770 oblinatione
2149 740 2176 764 et

1204 778 1278 813 jure
1302 783 1416 813 nostro,
1443 782 1619 816 octuayinta
1646 787 1671 809 et
1698 792 1748 811 sei·
1773 784 1866 812 libras
1891 786 1996 814 minus
2022 795 2040 814 v
2065 787 2175 816 solidos

1211 830 1358 859 bonorum
1383 832 1588 867 laccensium,
1618 835 1690 870 quia
1716 836 1780 863 alia
1805 838 1934 873 pecunia
1959 847 2014 874 que
2039 840 2176 868 continc-

1211 882 1302 911 batur
1326 884 1357 911 ¹in
1387 885 1590 913 instrumento
1614 892 1678 914 erat
1702 896 1810 916 usura.
1837 890 1873 917 De
1895 891 2004 926 quibus
2030 900 2081 920 nos
2105 892 2175 921 bene

1211 936 1326 971 quietos
1350 945 1501 971 vocamus,
1524 943 1549 965 et
1570 940 1767 975 eoeceptionem
1791 950 1850 969 non
1874 948 2030 971 numerate
2045 953 2096 972 seu
2114 953 2176 973 res-

1211 988 1300 1016 titute
1318 990 1444 1025 pecunie
1460 990 1567 1018 amodo
1585 999 1729 1027 opponere
1752 995 1984 1029 renuntiamus,
2008 1001 2033 1024 ct
2055 1005 2175 1025 omnem

1210 1041 1308 1069 aliam
1330 1043 1528 1078 exceptionem
1554 1043 1613 1079 ipsi
1631 1044 1752 1073 domino
1773 1055 1846 1082 pape
1868 1051 1892 1074 et
1913 1049 2029 1076 ecclesie
2046 1050 2177 1078 Romane

1211 1094 1397 1122 nocituram.
1420 1095 1475 1122 Jus
1501 1104 1569 1123 vero
1596 1096 1674 1132 quod
1698 1102 1803 1126 contra
1826 1098 1984 1127 (lominum
2011 1110 2123 1137 papam
2150 1106 2178 1130 ct

1212 1147 1366 1174 ecclesiam
1386 1147 1552 1176 Romanam
1571 1149 1714 1177 habemus
1727 1159 1782 1186 pro
1798 1151 1879 1179 dicta
1897 1154 2027 1188 pecunia
2047 1158 2073 1181 et
2095 1155 2178 1182 nobis

1211 1200 1366 1236 competit,
1392 1200 1474 1228 nulli
1501 1200 1639 1229 dedimus
1661 1210 1784 1238 persone
1808 1212 1862 1232 nec
1885 1205 2092 1234 alienavimus
2115 1207 2178 1235 sive

1211 1251 1399 1279 collusimus.
1416 1251 1472 1280 Sed
1484 1253 1511 1280 si
1522 1257 1680 1289 appareret
1693 1255 1772 1290 quod
1790 1255 1846 1283 ulli
1858 1264 1980 1292 persone
1996 1257 2179 1286 dedissemus

1213 1303 1259 1331 vel
1279 1304 1532 1333 alicnaoissemus
1550 1306 1613 1333 sive
1633 1306 1871 1342 colfflsissemus,
1897 1317 1984 1336 omne
2008 1309 2179 1347 dampnum

1213 1356 1292 1392 quod
1307 1356 1450 1386 dominus
1466 1366 1546 1394 papa
1567 1363 1593 1386 et
1613 1358 1735 1387 eeclesia
1755 1360 1888 1388 Romana
1911 1362 1980 1390 inde
2000 1362 2139 1391 habuerit
2155 1367 2181 1391 et

1212 1409 1371 1445 inpensam
1387 1419 1477 1446 quam
1494 1411 1606 1446 feeerit,
1626 1412 1657 1440 in
1675 1413 1786 1441 nostris
1802 1413 1886 1442 bonis
1898 1415 1955 1442 sibi
1973 1415 2042 1443 bene
2057 1416 2181 1452 placen-

1214 1462 1293 1490 tibus
1313 1462 1485 1499 ubicunque
1510 1464 1628 1492 intrare
1650 1465 1796 1498 voluerit,
1819 1468 1942 1495 nomine
1962 1468 2033 1496 bone
2050 1469 2180 1505 pleiarie

1210 1519 1385 1543 ‘restaurare
1399 1516 1621 1552 promittimus.
1643 1517 1699 1546 Pro
1714 1519 1823 1554 quibus
1838 1521 1978 1549 omnibus
1992 1522 2181 1558 supradictis

1212 1567 1406 1595 observandis
1426 1569 1594 1605 obliyamus
1611 1578 1662 1598 nos
1687 1575 1713 1598 et
1736 1576 1838 1599 nostra
1854 1572 1938 1607 bona,
1958 1578 1984 1601 et
1999 1574 2106 1602 amotio
2123 1583 2179 1603 no-

1212 1620 1296 1648 mine
1320 1620 1440 1649 domini
1457 1629 1533 1658 pape
1555 1626 1581 1650 et
1605 1623 1723 1651 ecclesie
1743 1623 1873 1653 Romane
1894 1628 2036 1662 precario
2056 1628 2180 1656 nomine

1214 1667 1311 1700 tenere
1328 1673 1517 1709 confitemur,
1536 1674 1627 1703 donec
1647 1675 1681 1704 de
1699 1676 1761 1704 biis
1784 1678 1924 1707 omnibus
1946 1688 1962 1707 a
1984 1680 2068 1708 nobis
2084 1681 2181 1716 suerit

1212 1725 1270 1753 sibi
1287 1725 1435 1762 condique
1454 1727 1645 1762 satisfactum
1658 1739 1669 1763 g
1691 1733 1716 1756 et
1739 1729 1775 1758 ab
1797 1730 1853 1758 hae
1875 1731 1950 1760 hora
1968 1732 2001 1760 in
2022 1738 2111 1762 antea
2127 1733 2180 1762 do-

1214 1779 1319 1806 minus
1338 1787 1419 1815 papa
1444 1784 1470 1807 et
1494 1780 1558 1816 eJ'us
1579 1789 1758 1809 successores
1779 1782 1877 1819 adque
1900 1785 2019 1813 ecelesia
2045 1786 2181 1815 Romana

1213 1831 1276 1859 sint
1292 1832 1402 1867 securi,
1423 1833 1528 1868 quieti,
1549 1834 1726 1870 tranquilli,
1742 1835 1874 1872 pacifici,
1891 1841 1917 1865 et
1934 1837 1970 1865 ab
1985 1839 2071 1867 omni
2087 1840 2138 1868 lite
2154 1844 2180 1868 et

1214 1884 1368 1919 questione
1390 1885 1509 1913 remoti.
1530 1885 1713 1922 Supradicta
1737 1888 1841 1916 omnia
1862 1896 1916 1917 nos
1937 1891 2110 1927 supradicti
2127 1893 2182 1920 Ja-

1215 1937 1301 1965 cobus
1318 1941 1343 1965 et
1361 1938 1505 1973 Masscus,
1525 1943 1611 1975 pater
1629 1944 1655 1967 et
1672 1940 1772 1975 filius,
1791 1949 1844 1977 per
1858 1948 2083 1973 sacramentum
2101 1954 2118 1973 a
2136 1954 2182 1974 me

1213 1990 1318 2018 Jacobo
1339 1991 1463 2026 prestito
1483 1992 1683 2028 corporaliter
1699 1993 1786 2020 tactis
1799 1997 2002 2024 sacrosanctis
2015 1999 2183 2034 evanyeliis

1216 2047 1284 2071 rata
1311 2043 1462 2080 firmaque
1494 2044 1600 2072 ltabcre
1623 2046 1837 2081 promittimus
1858 2056 1912 2084 per
1939 2057 1991 2077 nos
2014 2055 2040 2078 et
2065 2056 2182 2080 nostros

1213 2104 1393 2124 successores
1419 2096 1516 2133 adque
1541 2097 1660 2125 lieredes
1687 2099 1766 2127 vobis
1793 2100 1959 2129 Crescentio
1983 2107 2009 2130 et
2036 2105 2182 2141 mayistro

1213 2149 1355 2186 Philippo
1373 2150 1587 2186 recipientibus
1600 2160 1654 2187 pro
1671 2151 1793 2180 domino
1806 2161 1886 2190 papa
1909 2159 1934 2182 et
1953 2156 2016 2191 ejus
2035 2165 2182 2186 successo-

1214 2201 1300 2229 ribus
1315 2202 1412 2238 adque
1427 2203 1548 2230 ecelesia
1565 2203 1709 2237 Romana,
1728 2209 1753 2232 et
1769 2210 1875 2234 contra
1893 2215 1949 2235 non
1968 2209 2077 2237 venire.
2099 2210 2183 2244 Quod

1214 2255 1241 2282 si
1253 2259 1359 2283 contra
1375 2255 1551 2290 fecerimus,
1576 2257 1620 2284 rel
1634 2257 1661 2284 si
1675 2257 1811 2293 predicta
1827 2259 1962 2295 capitula
1979 2262 2083 2290 omnia
2097 2263 2183 2299 plene

1216 2315 1275 2335 non
1298 2307 1575 2341 observaverimus,
1596 2309 1810 2345 Jn·07nitt1‘mus
1829 2310 1901 2338 darc
1923 2316 1948 2339 et
1967 2313 2079 2341 solvere
2101 2315 2183 2344 vobis

1215 2359 1349 2396 legitime
1359 2360 1581 2396 stipulantibus
1588 2369 1643 2397 pro
1651 2362 1717 2389 (lom
1725 2363 1859 2399 inopapa
1869 2368 1894 2391 et
1903 2365 2024 2393 ecelesia
2034 2366 2178 2403 Romana,

1215 2416 1285 2440 ante
1298 2420 1385 2440 omne
1399 2412 1464 2440 litis
1473 2413 1819 2451 principium,duplum
1836 2416 1912 2444 dicte
1922 2419 2048 2453 pecunie
2059 2421 2184 2449 nomine

1214 2472 1302 2500 pene,
1318 2472 1457 2500 penuque
1479 2466 1577 2493 soluta
1596 2466 1646 2494 bec
1665 2471 1749 2494 carta
1768 2467 1859 2503 firma
1872 2476 2062 2505 permaneat.
2084 2474 2182 2506 Quam

1216 2517 1344 2544 scribere
1374 2518 1552 2553 royarimus
1585 2518 1703 2546 Petrum
1735 2520 1882 2548 Rainaldi
1912 2522 2115 2551 scriniarium
2149 2526 2182 2553 in

1216 2577 1316 2597 mense
1333 2573 1359 2596 et
1381 2569 1428 2597 ‹Iie
1443 2570 1588 2606 predicta.
1608 2572 1712 2599 Actum
1736 2572 1767 2599 in
1784 2572 1901 2608 palatio
1916 2573 2035 2603 domini
2054 2577 2182 2614 episcopi

1215 2622 1412 2655 Narniensis,
1435 2630 1535 2650 coram
1556 2623 1616 2659 ipso
1632 2623 1777 2660 episcopo.
1799 2624 1891 2652 Testes
1907 2625 1923 2653 Ιι
1931 2626 1954 2653 ii
1968 2632 2040 2655 sunt
2057 2629 2156 2665 royati
2172 2638 2181 2656 :

1254 2674 1381 2702 Jacobus
1408 2674 1551 2702 Raiualdi
1580 2675 1613 2703 cle
1642 2676 1760 2704 Narnia
1791 2678 1957 2706 canonicus
1985 2679 2178 2716 Narniensis,

1217 2727 1317 2761 testis,-

1256 2779 1420 2807 Rainerius
1437 2779 1584 2808 Guidonis
1599 2780 1632 2808 tle
1649 2780 1863 2817 Septimiliano
1879 2782 1912 2811 (Ie
1927 2784 2065 2819 Somnia,
2084 2787 2182 2822 testis;

1256 2832 1473 2868 Boneinsiynia
1485 2832 1582 2868 judea:
1597 2832 1631 2860 cte
1646 2833 1780 2862 Maliauo
1796 2834 1830 2862 cte
1845 2834 1982 2871 Sabinia:
2004 2839 2102 2873 testis,-

1254 2884 1412 2912 Donatieus
1429 2885 1617 2913 scriniarius
1634 2885 1668 2913 ‹Ie
1683 2886 1828 2922 LVrieulo,
1847 2889 1949 2924 testis,-

1254 2937 1406 2965 Johannes
1424 2937 1570 2965 Guitlonis
1587 2937 1619 2965 dc
1639 2938 1782 2974 Utriculo,
1804 2941 1904 2975 testis,-

1257 2988 1443 3017 Octaoianus
1455 2989 1489 3017 cie
1507 2990 1652 3025 L'triculo,
1675 2992 1774 3026 testis,-
