2392 3571
653 429 704 458 LE
726 428 873 458 LIBER
895 427 1129 458 CENSUUM
1153 429 1207 458 DE
1230 419 1417 458 L’EEGLISE
1440 428 1649 459 ROMAINE.
2141 433 2197 462 5¹17

145 494 225 522 sicut
241 495 384 532 superius
407 495 530 532 leyitur,
552 495 738 523 consentient
760 499 785 522 et
808 494 966 522 concedent
988 499 1013 522 et
1032 494 1113 522 vobis

143 554 199 583 pro
217 547 340 575 ecclesia
359 547 493 575 Romana
515 547 617 575 cedent
638 547 742 575 omnia
757 547 835 582 jura
857 555 912 574 sua
935 551 960 574 et
981 547 1113 574 actiones

145 598 205 626 sibi
228 600 427 635 competentia
453 600 485 627 in
508 599 647 636 predicta
670 598 827 626 medietate
854 599 949 635 ipsius
973 599 1108 635 pironis,

146 651 298 679 occasione
313 651 510 679 successionis
525 651 588 679 sii-e
602 650 718 678 dotium
737 651 782 678 vet
797 651 862 678 alia
877 650 1009 686 qualibet
1029 658 1113 678 occa-

145 703 238 731 sione.
257 703 293 731 Et
313 703 352 731 ad
369 703 515 739 majorem
537 702 718 738 firmitatem
739 703 832 738 hujus
850 707 1036 737 contractus,
1062 711 1114 730 nos

144 755 316 791 supradicti
331 755 510 790 Ost-edacius
521 759 546 783 et
556 755 689 789 lacobus,
709 755 795 782 tactis
808 755 1008 782 sacrosanctis
1019 762 1112 782 evan-

144 807 243 843 geliis,
276 806 476 843 corporaliter
493 807 643 843 juramus
668 807 773 835 omnia
796 811 821 834 et
848 806 972 842 singyuda
1001 814 1113 842 supra-

144 858 226 887 dicta
243 863 277 887 ut
293 859 327 887 in
346 859 480 895 singulis
495 859 641 895 capitulis
657 859 856 887 continentur
874 859 1028 886 observare
1040 880 1046 891 ,
1064 863 1113 886 at-

145 910 264 939 tendere
281 915 307 939 et
322 919 383 939 non
407 911 620 939 contravenire
639 911 791 939 occasione
811 911 945 938 minoris
962 911 1050 938 etatis
1069 911 1115 938 vel

144 963 209 991 alia
228 963 361 1000 qualibet
378 964 530 992 occasione
546 964 592 992 vel
605 963 727 998 fraude.
748 964 854 991 Actum
879 967 920 990 est
945 963 999 991 hoc
1019 963 1049 990 in
1068 971 1113 991 ec-

144 1015 235 1044 clesia
262 1020 365 1044 sancte
392 1016 488 1044 Marie
522 1015 555 1044 de
581 1016 718 1049 Bictona‚
752 1015 781 1043 in
810 1015 965 1052 presentia
994 1015 1114 1043 domini

142 1067 181 1096 M.
192 1069 323 1105 episcopi
337 1068 511 1103 Asisinatis,
532 1068 652 1096 domini
664 1068 804 1096 Rainerii
815 1068 935 1096 Bictone
945 1068 1111 1104 potestatis,

143 1120 264 1149 domini
279 1121 382 1149 Jacobi
401 1121 572 1158 Crespolih,
598 1121 718 1149 domini
738 1121 854 1149 Roberti
875 1120 908 1148 cte
928 1121 1111 1156 Bonzbayno,

143 1172 265 1201 domini
287 1173 446 1209 Paqanelli
467 1173 560 1207 Petri,
584 1173 705 1201 domini
729 1173 876 1201 Guidonis
897 1174 1034 1206 Juvenii,
1060 1173 1113 1201 do-

142 1225 224 1253 mini
238 1225 388 1254 Tancredi
404 1225 438 1254 de
455 1226 609 1260 Rosciano,
629 1226 749 1254 domini
763 1225 911 1262 Stephani
927 1225 1109 1260 Salomonis,

143 1276 262 1305 domini
282 1277 463 1305 Berarducii
486 1278 660 1314 Torrejani,
683 1278 803 1306 domini
823 1277 971 1306 Tancredi
985 1277 1111 1312 Albrici,

142 1329 263 1358 domini
275 1330 378 1358 Jacobi
393 1330 553 1365 Leonarcli,
577 1331 731 1367 Anyilerii
752 1330 913 1365 Guidonis,
935 1335 961 1359 et
977 1331 1110 1359 aliorum

138 1382 283 1419 plurium
301 1383 356 1419 qui
370 1382 410 1410 ad
424 1383 477 1411 hoc
497 1383 597 1411 vocati
614 1387 640 1411 et
660 1383 758 1419 royati
774 1383 900 1417 fuerunt
917 1387 1010 1411 testes.

103 1538 292 1569 CCLXXX.
311 1557 350 1562 —
365 1541 550 1571 Coussnsus
569 1550 755 1571 DOMJNARUM
771 1549 904 1570 mosomi
922 1551 1011 1571 merri
1028 1544 1049 1571 ¹.

184 1645 257 1674 item
277 1645 324 1674 die
339 1647 487 1682 sequenti,
508 1647 607 1676 silicet
620 1647 668 1675 die
688 1647 724 1676 VI
742 1653 867 1676 exeunte
884 1657 981 1677 meuse
1001 1649 1110 1684 madii,

143 1705 197 1726 nos
212 1698 386 1734 Bonifatius
402 1703 428 1727 et
448 1699 591 1736 Georyius
605 1699 667 1736 filii
680 1700 812 1737 predicti
824 1701 945 1729 domini
956 1701 1114 1737 Ofreducii

143 1754 169 1778 et
185 1750 313 1779 domina
328 1751 509 1780 Barnabella
533 1760 610 1780 uoeor
628 1752 760 1788 ejusdem
780 1753 899 1782 domini
916 1753 1072 1788 Ofreducii
1087 1758 1113 1782 et

142 1802 269 1831 domina
280 1803 467 1832 Blancaneve
479 1808 505 1832 et
516 1803 641 1833 domina
659 1804 787 1841 Giborya
801 1807 1054 1843 sororespredicti
1063 1808 1113 1835 Ja-

142 1855 205 1883 cobi
216 1859 243 1883 et
256 1855 383 1884 domina
395 1856 559 1885 Alvaclara
575 1865 652 1885 uxor
667 1857 763 1894 ipsius
772 1858 885 1893 Jacobi,
900 1858 1021 1893 damus,
1032 1859 1112 1887 cedi-

142 1915 222 1942 mus,
237 1907 430 1936 concedimus
444 1913 471 1937 et
486 1909 676 1937 mandamus
693 1910 758 1944 tibi,
776 1910 899 1939 domino
917 1911 976 1939 Vite
992 1911 1113 1940 domini

142 1959 287 1996 Symonis
302 1960 367 1988 vice
381 1965 407 1988 et
420 1961 545 1989 nomine
562 1961 659 1998 ipsius
669 1962 790 1991 domini
801 1963 940 1991 Alatrini
952 1964 1113 2000 recipienti

140 2021 197 2050 pro
211 2013 333 2041 ecclesia
349 2013 494 2049 Romana,
513 2015 619 2043 omnia
629 2015 709 2051 jura
724 2023 885 2052 omnesque
900 2017 1031 2045 actiones
1044 2026 1113 2046 rea-

143 2065 192 2100 les,
211 2066 394 2102 personales,
415 2067 515 2102 utiles,
530 2067 671 2102 directas,
688 2069 795 2096 tacitas
810 2073 836 2096 et
850 2077 1005 2105 expressas
1019 2078 1075 2106 que
1086 2074 1112 2098 et

143 2127 220 2155 quas
235 2119 379 2147 habemus
394 2120 440 2148 vel
456 2119 563 2148 habere
585 2120 730 2148 videmur
750 2121 813 2150 sive
834 2122 920 2150 nobis
942 2127 1113 2159 competunt

141 2171 177 2199 in
190 2171 329 2208 predicta
344 2172 503 2201 medietate
520 2173 617 2210 ipsius
631 2174 760 2210 yironis,
775 2175 903 2211 juribus
918 2180 944 2203 et
961 2176 1113 2204 utilitati-

143 2223 196 2252 bus
212 2224 320 2260 ipsius,
335 2225 490 2253 occasione
505 2226 701 2262 obligationis
712 2226 831 2255 dotium
844 2232 1035 2263 nostrarum,
1051 2229 1113 2257 sive

143 2276 297 2304 occasione
312 2277 510 2306 successionis
525 2278 572 2306 vel
590 2286 772 2315 quacunque
790 2279 854 2307 alia
875 2280 1008 2316 qualibet
1027 2289 1113 2309 ocea-

142 2329 226 2357 sione
241 2328 288 2357 vel
296 2329 380 2365 jure,
401 2330 610 2358 constituendo
619 2339 674 2367 per
689 2335 714 2359 te
725 2331 921 2360 etilominum
932 2333 1111 2362 Alatrinum

139 2380 315 2418 predictum
331 2382 432 2419 ipsam
448 2383 604 2412 ecclesiam
615 2383 781 2412 Romanam
792 2386 1034 2421 procuratricem
1047 2391 1112 2414 tan-

143 2442 237 2470 quam
253 2434 287 2463 in
304 2443 369 2463 rem
384 2443 484 2464 suam.
502 2436 577 2464 Item
596 2436 816 2472 confirmamus
833 2442 859 2466 et
872 2446 926 2475 per
941 2439 1047 2467 omnia
1061 2448 1112 2468 ac-

141 2490 295 2523 ceptamus
306 2487 524 2522 venditionem,
537 2489 711 2524 cessionem,
725 2490 939 2525 refutationem
954 2496 980 2520 et
993 2500 1112 2521 conces-

142 2539 256 2567 sionem
274 2540 389 2574 factam
405 2540 465 2576 ipsi
481 2540 758 2570 dominoAlatrino
771 2551 852 2571 nune
864 2545 973 2572 rectori
984 2544 1113 2573 ducatus

142 2591 305 2628 recipienti
327 2601 382 2629 pro
402 2593 526 2621 ecclesia
545 2593 694 2630 Romana,
721 2603 775 2631 per
798 2595 958 2624 dominum
984 2596 1112 2632 Ofredu-

143 2643 238 2678 cium,
263 2649 288 2672 et
307 2645 452 2673 Jacobum
471 2647 663 2683 supradictos
685 2647 718 2676 de
741 2649 807 2685 ipsa
831 2649 990 2678 medietate
1016 2650 1112 2686 ipsius

142 2695 273 2732 gironis,
292 2700 327 2724 ut
346 2697 380 2725 in
396 2702 555 2727 contractu
577 2699 676 2735 ipsius
697 2700 899 2735 venditionis,
919 2702 999 2736 sacto
1014 2710 1111 2730 manu

139 2871 166 2898 ἱ.
190 2870 359 2906 Sconcolte,
383 2872 500 2900 diocese
521 2873 557 2900 de
576 2873 664 2906 Todi,
684 2874 717 2901 ‘26
739 2875 794 2901 mai
816 2875 895 2902 1235.
917 2890 953 2896 —
974 2876 1112 2904 Boniface

102 2920 132 2945 et
152 2918 298 2954 Georges,
320 2920 366 2947 fils
389 2920 589 2955 d’Osreducio,
611 2921 780 2949 Barnabelle
801 2931 832 2949 sa
852 2923 970 2955 semme,
988 2923 1112 2951 Bianea-

104 2974 176 2993 neve
191 2971 219 2994 et
234 2967 371 3002 Giborga,
389 2976 485 2995 soeurs
501 2969 535 2995 dc
550 2969 672 3004 Jacopo,
689 2970 840 2997 Alvaclara
855 2979 886 2998 sa
902 2972 1022 3004 femme,
1039 2972 1112 2999 rati-

103 3014 187 3048 fient,
204 3023 239 3041 en
259 3023 292 3042 ce
314 3017 362 3050 qui
383 3016 425 3044 les
446 3025 602 3049 concerne,
620 3018 646 3044 la
661 3019 776 3045 cession
794 3021 921 3046 ononcce
936 3020 1008 3046 dans
1028 3020 1111 3047 l'aete

102 3063 269 3097 precedent.

1234 494 1315 522 Petri
1332 495 1447 522 notarii
1461 495 1652 529 continetur;
1668 501 1694 524 et
1708 497 1850 531 cedimus,
1873 499 2069 532 remittimus,
2084 499 2199 535 quieta-

1234 555 1310 581 mus,
1346 547 1534 581 refutamus,
1563 553 1589 575 et
1614 554 1737 584 pactum
1766 550 1898 584 facimus
1927 550 1961 578 tle
1989 559 2049 579 non
2073 551 2198 588 petendo

1233 607 1320 626 omne
1340 598 1394 634 jus
1418 599 1496 634 quod
1517 599 1673 635 habemus,
1705 601 1748 629 cel
1771 602 1875 630 babere
1899 602 2039 630 videmur
2060 604 2093 631 in
2117 603 2197 632 dicta

1234 650 1391 678 medietate
1409 651 1504 687 ipsius
1523 651 1653 687 [sii-onis.
1670 653 1796 688 juribus
1816 658 1841 681 et
1864 654 2052 682 utilitatibus
2069 656 2133 683 suis
2150 664 2198 683 oc-

1233 703 1352 731 casione
1373 703 1488 731 dotium
1509 709 1700 739 nostrarum,
1722 707 1767 734 rel
1787 707 1982 735 successionis
2002 708 2046 736 rel
2066 709 2198 744 qualibet

1233 755 1297 783 alia
1313 756 1475 783 occasione,
1497 756 1710 784 Renuntiamlo
1731 759 1898 794 spetialiter
1911 760 1983 795 juri
2002 764 2194 796 ypotecarum

1234 807 1376 843 omnique
1396 807 1453 834 alii
1474 808 1571 844 leyum
1595 813 1620 836 et
1643 808 1827 837 decretorum
1849 811 1968 838 auxilio
1986 812 2067 839 nobis
2088 812 2122 839 in
2145 812 2197 840 hoc

1233 859 1311 893 facto
1323 859 1486 892 coherenti,
1503 861 1680 896 competenti
1693 866 1718 888 et
1732 862 1940 898 competitnro.
1958 863 2028 890 Item
2042 864 2196 899 promitti-

1234 920 1302 939 mus
1321 912 1376 939 tibi
1391 912 1513 939 domino
1535 913 1604 946 Vite,
1626 913 1687 941 vice
1702 918 1726 941 et
1745 915 1866 942 nominc
1883 915 1978 951 ipsius
1991 916 2110 944 domini
2127 917 2195 944 ,tta-

1236 964 1314 992 trini
1326 972 1384 1000 pro
1399 964 1533 992 lfomana
1548 965 1677 993 Ecclesia
1693 967 1860 1003 recipienti.
1877 967 1955 1003 quod
1968 968 2047 996 nulli
2061 968 2198 996 dedimus

1234 1025 1286 1044 nec
1302 1017 1567 1053 concessimusjus
1582 1022 1717 1045 nostrum
1736 1018 1768 1045 de
1784 1018 1862 1046 dieto
1873 1020 1995 1055 airone,
2008 1025 2033 1048 et
2049 1020 2074 1048 si
2091 1020 2197 1056 aliqua

1235 1069 1381 1097 concessio
1399 1078 1416 1096 a
1437 1069 1520 1097 nobis
1535 1070 1615 1104 facta
1634 1070 1738 1106 aliquo
1758 1075 1885 1107 tempore
1909 1073 2111 1108 reperiretur,
2126 1081 2198 1109 pro-

1235 1121 1390 1149 mittimus
1413 1129 1466 1157 per
1488 1129 1540 1149 nos
1566 1126 1738 1158 nostrosque
1763 1123 1880 1151 heredes
1900 1128 1925 1151 et
1947 1133 2125 1152 successores
2145 1126 2198 1152 sub

1235 1173 1416 1209 obligatione
1441 1173 1581 1201 omnium
1609 1179 1780 1202 nostrorum
1809 1175 1968 1209 bonorum,
1999 1177 2051 1204 tibi
2077 1177 2199 1205 domino

1239 1226 1300 1254 Vite
1314 1226 1480 1262 stipulanti
1492 1226 1614 1254 nomine
1630 1230 1655 1254 et
1674 1227 1734 1255 eice
1754 1227 1848 1263 ipsius
1863 1226 1981 1255 domini
1997 1228 2133 1256 Alatrini
2145 1237 2199 1265 pro

1235 1278 1356 1307 ecclesia
1379 1279 1514 1306 Romana
1535 1278 1710 1315 recipienti,
1737 1279 1833 1315 ipsam
1859 1280 2010 1307 ecelesiam
2034 1281 2197 1308 Romanam

1234 1331 1348 1359 nostris
1361 1331 1497 1367 expensis
1510 1339 1687 1359 conservare
1703 1330 1905 1367 indempnem.
1923 1333 2017 1365 Quam
2034 1332 2197 1360 dationem.

1234 1384 1411 1417 cessionem,
1431 1383 1710 1418 confirmationem,
1735 1384 1968 1417 concessionem,
1993 1384 2201 1412 renuntiatio-

1235 1445 1312 1471 nem,
1330 1435 1551 1469 remissionem,
1562 1435 1789 1470 refutationem,
1799 1436 2045 1471 promissionem,
2059 1440 2084 1463 et
2096 1437 2199 1464 omnia

1234 1489 1310 1517 utin
1324 1488 1458 1524 sinyulis
1468 1487 1613 1524 capitulis
1621 1488 1763 1524 superius
1772 1488 2201 1524 continentur,promittimus

1231 1549 1287 1577 per
1313 1548 1364 1568 nos
1389 1544 1565 1575 nostrosque
1584 1539 1704 1567 heredes
1725 1544 1750 1567 et
1772 1547 1966 1574 successores,
1992 1540 2047 1568 tibi
2066 1540 2201 1577 predicto

1234 1593 1358 1621 domino
1379 1592 1438 1620 rite
1458 1592 1518 1620 viee
1534 1596 1559 1620 et
1577 1592 1699 1620 nomine
1717 1592 1813 1629 ipsius
1828 1591 1948 1620 domini
1966 1593 2104 1620 Alatrini
2124 1594 2200 1621 reci-

1231 1645 1331 1683 pienti
1346 1653 1402 1682 pro
1418 1645 1553 1672 Romana
1572 1644 1708 1678 eeclesia,
1729 1644 1896 1678 attendere,
1920 1645 2075 1673 observare
2095 1650 2120 1673 et
2140 1653 2199 1673 non

1234 1697 1448 1727 contravenire
1460 1705 1516 1733 per
1532 1705 1585 1724 nos
1603 1696 1647 1724 vel
1661 1696 1840 1724 submissam
1860 1705 2021 1733 personam
2037 1698 2144 1733 aliqua
2156 1705 2200 1725 oc-

1234 1751 1354 1779 casione
1372 1750 1417 1777 vel
1436 1749 1555 1784 fraude,
1577 1749 1630 1776 sub
1651 1748 1834 1785 obliyatione
1858 1753 2029 1777 nostrorum
2052 1749 2199 1777 bonorum

1234 1808 1260 1832 et
1279 1811 1359 1840 pena
1386 1802 1419 1830 in
1446 1802 1650 1830 instrumento
1672 1801 1859 1829 venditionis
1876 1801 2006 1835 inserta,
2027 1809 2085 1837 qua
2101 1802 2199 1830 soluta

1234 1857 1281 1885 vel
1298 1856 1458 1884 commissa
1480 1855 1526 1883 vel
1544 1863 1604 1882 non
1620 1855 1718 1882 soluta
1738 1854 1875 1890 predicta
1897 1854 2012 1882 omnia.
2030 1859 2063 1882 ut
2082 1855 2112 1882 in
2134 1855 2200 1882 sin-

1233 1909 1315 1946 yitlis
1328 1908 1473 1944 capitulis
1484 1907 1626 1943 superius
1641 1907 1848 1940 continentur,
1866 1907 1898 1934 in
1913 1915 1968 1934 sua
1986 1911 2129 1934 maneant
2144 1906 2200 1942 fir-

1233 1962 1352 1990 mitate.
1375 1961 1410 1988 Et
1430 1960 1469 1988 ad
1485 1960 1631 1995 majorem
1648 1958 1826 1995 firmitatem
1846 1959 1950 1986 omnia
1967 1963 1992 1987 et
2008 1958 2131 1995 singula
2147 1967 2200 1987 su-

1232 2012 1385 2051 pradicta,
1403 2017 1436 2040 ut
1451 2013 1483 2040 in
1499 2012 1633 2048 singulis
1648 2011 1793 2048 capitulis
1809 2012 2015 2046 continentur,
2035 2011 2199 2044 observare,

1234 2066 1386 2095 attendere
1407 2069 1432 2093 et
1455 2073 1517 2092 non
1537 2064 1750 2092 contravenire
1771 2063 1924 2091 occasione
1947 2063 2078 2091 minoris
2101 2063 2197 2097 etatis,

1234 2119 1281 2147 vel
1296 2118 1360 2146 alia
1380 2117 1513 2154 qualibet
1528 2117 1681 2145 occasione
1697 2117 1743 2144 vel
1760 2116 1879 2151 fraude,
1899 2117 1988 2145 tactis
2002 2117 2202 2144 saerosanctis

1234 2171 1402 2207 evanqetiis
1417 2170 1787 2207 corporaliterjuramus.

1273 2225 1379 2252 Actum
1397 2227 1438 2251 est
1454 2223 1507 2251 hoc
1522 2223 1617 2259 juxta
1639 2222 1791 2250 ecclesiam
1813 2222 1913 2249 sancti
1932 2221 2039 2257 Anyeli
2057 2221 2091 2249 de
2108 2221 2202 2250 Scon-

1234 2276 1305 2305 colle
1322 2275 1447 2304 diocesis
1466 2274 1638 2308 Tudertine,
1656 2274 1844 2310 presentibus
1864 2273 1985 2301 testibus
2002 2273 2126 2309 royatis,
2149 2272 2202 2301 do-

1234 2330 1320 2357 mino
1335 2327 1479 2356 Munaldo
1494 2327 1614 2355 domini
1626 2326 1738 2359 Jacobi,
1759 2325 1889 2362 dompno
1906 2325 2031 2353 Dainese
2047 2325 2201 2362 capellano

1234 2382 1350 2410 ecclesie
1365 2380 1465 2409 saneti
1478 2379 1586 2416 Anyeli
1600 2379 1784 2416 supradicte,
1804 2379 1909 2406 Jacobo
1921 2378 2012 2413 Justi,
2029 2377 2201 2406 Aldrevan-

1233 2434 1306 2463 dino
1322 2434 1471 2462 serviente
1486 2432 1607 2460 domini
1628 2431 1802 2467 Sanquinei
1818 2430 1852 2458 de
1873 2430 2053 2464 Collaziitie,
2072 2434 2098 2458 et
2118 2431 2201 2458 Zan-

1233 2486 1356 2523 caylone
1371 2485 1466 2514 oblato
1481 2484 1598 2513 ecclesie
1615 2483 1715 2512 sancti
1729 2483 1835 2519 Anqeli
1851 2482 2036 2519 supradicte.

1193 2642 1398 2673 CCLXXXI.
1416 2657 1454 2663 -
1470 2642 1621 2670 Amanum
1641 2648 1826 2669 nomxfflmx
1843 2647 2017 2668 cossa->isus
2029 2639 2051 2667 ¹.

1272 2747 1381 2776 Eodem
1397 2747 1456 2780 die,
1475 2755 1526 2774 nos
1541 2746 1667 2774 domina
1678 2744 1798 2773 Andrea
1813 2743 1879 2780 filia
1891 2743 2097 2773 ‹lictidomini
2114 2743 2199 2779 Ofre-

1233 2800 1327 2835 ducii,
1349 2804 1373 2827 et
1389 2799 1515 2827 domina
1531 2797 1699 2826 Benadacta
1715 2795 2063 2832 sororpredictiJacobi,
2076 2796 2197 2829 atomus,

1230 2971 1253 2996 1.
1273 2969 1421 3003 Bevagna,
1438 2967 1472 2994 ‘26
1494 2967 1548 2993 mai
1569 2966 1647 2993 1235.
1668 2979 1704 2985 —
1726 2965 1856 2997 Andreae,
1879 2964 1934 2990 fille
1955 2963 2151 2995 d'Ofreducio‚
2171 2967 2198 2989 et

1193 3017 1366 3047 Benadacta,
1385 3023 1464 3042 soeur
1481 3014 1516 3041 de
1531 3014 1650 3048 Jacopo.
1669 3013 1802 3045 ratifient,
1819 3020 1853 3038 en
1874 3021 1907 3039 ce
1922 3013 1971 3046 qui
1988 3013 2029 3038 les
2044 3019 2197 3043 concerne,

1194 3067 1276 3093 l'acte
1292 3065 1326 3091 de
1342 3064 1456 3090 ccssion
1474 3068 1504 3088 οῦ
1519 3061 1707 3088 CCLXXIX.
