2392 3571
161 357 217 387 562
700 350 748 379 LE
772 350 915 379 LIBER
937 346 1170 378 CENSUUM
1192 345 1246 375 DE
1270 336 1454 376 L'EGLISE
1478 345 1687 376 ROMAINE.

196 423 269 447 bona
283 421 343 454 ipsa
356 418 534 453 pervenerint
549 425 634 450 super
650 416 692 442 eis
705 415 872 450 indempnes
884 422 997 441 servare
1010 413 1150 448 promisit,

196 470 249 496 sub
265 469 435 502 obligatione
452 466 536 492 castri
553 466 598 491 sui
613 464 724 491 Olibani
741 468 768 490 et
784 465 909 491 omnium
926 464 1044 490 aliorum
1062 463 1151 489 bono-

196 526 257 545 rum
274 524 408 545 suorum·‚
426 523 480 549 qua
500 514 591 540 soluta
606 514 647 538 vel
665 521 719 539 non
737 513 902 547 prescripta,
923 513 1016 538 omnia
1033 512 1151 538 nichilo—

195 567 290 593 minus
310 565 337 590 in
361 572 412 589 sua
432 562 563 588 firmitate
584 561 746 596 perdurent.
771 560 972 587 Renuntiando
995 560 1071 586 omni
1095 560 1151 594 juri

195 615 331 642 canonico
347 616 375 638 et
389 611 464 638 civili
479 610 554 644 quod
571 618 620 644 pro
637 618 667 635 se
684 613 781 635 contra
795 609 934 644 premissa
945 613 1043 644 posset
1057 609 1150 643 aliquo

195 668 321 697 tempore
337 661 461 694 allegari.
478 659 540 690 Que
556 659 651 684 onmia
671 666 701 683 se
722 658 794 683 bona
810 657 863 683 fide
880 658 906 683 in
923 661 1093 692 perpetuum
1110 661 1152 683 at-

196 711 311 738 tendere
327 714 354 735 et
369 709 520 734 observare
540 708 616 733 omni
633 706 730 733 fraude
745 710 773 732 et
788 707 937 732 occasione
953 707 1070 732 remotis
1087 713 1151 739 pro-

194 760 271 786 misit
294 763 322 784 et
342 757 375 784 ad
396 760 495 783 sancta
516 755 567 781 Dei
590 755 737 789 evangelia
754 756 871 788 juravit.
894 755 998 780 Actum
1016 754 1107 780 Rome
1123 754 1150 779 in

193 810 276 835 domo
293 806 398 833 domini
415 804 546 832 Riccardi
564 804 638 830 Petri
657 804 691 829 sle
706 803 851 837 Jaquinto‚
871 803 1053 838 presentibus
1070 810 1151 836 pres-

194 858 284 883 bitero
301 855 449 890 Raynucio
465 853 586 880 ecclesie
606 857 702 879 sancte
724 852 811 878 Marie
833 852 867 878 de
891 852 1047 882 Posterula,
1068 851 1151 877 Petro

193 905 352 941 presbitero
382 903 503 929 ecclesie
537 905 636 928 sancte
669 901 839 935 Margarite,
869 900 984 927 domino
1014 899 1151 926 Gozolino

193 953 320 981 Gardello
337 953 370 978 de
386 951 475 983 Urbe,
496 951 610 977 domino
625 950 756 976 Johanne
771 949 953 976 Trasimundi
972 949 1005 975 de
1020 949 1150 981 Olibano,

192 1003 336 1038 Stephano
353 1001 448 1027 Alexii
465 1004 492 1026 et
510 999 597 1026 Paulo
613 999 768 1025 Consoliuo
780 999 892 1025 civibus
905 998 1053 1029 Romanis,
1067 1006 1151 1031 roga-

193 1053 229 1078 tis
245 1051 380 1077 testibus.

226 1100 261 1126 Et
280 1108 333 1134 ego
349 1098 485 1125 Nicolaus
507 1097 691 1128 Fcrentinus,
712 1100 810 1122 sancte
831 1096 960 1122 Romane
982 1095 1104 1121 ecclesie
1124 1098 1152 1120 et

191 1157 302 1177 camere
327 1148 434 1174 domini
458 1155 528 1181 pape
550 1145 736 1178 scriniarius,
764 1146 791 1171 in
821 1145 905 1178 cujus
930 1145 1072 1178 presentia
1100 1144 1151 1170 hec

191 1202 254 1224 acta
276 1201 352 1228 sunt,
376 1199 491 1230 rogatus
511 1195 539 1221 in
561 1194 701 1228 publicam
727 1194 844 1220 formam
864 1192 966 1227 scripsi
987 1196 1015 1218 et
1035 1192 1149 1226 signum

191 1247 257 1274 feci.

158 1400 358 1436 [ccxcvilll.
383 1414 418 1420 —
438 1399 573 1425 Vanum-10
598 1406 681 1424 mera
707 1406 755 1423 ran
782 1397 908 1422 Atossam
934 1403 967 1421 or:
990 1403 1076 1421 tumre
1100 1403 1150 1421 sua

189 1451 304 1477 ΡΑΜΑΝΙ
327 1458 357 1475 ΕΤ
377 1448 512 1475 SERRONIS
524 1449 544 1474 ¹.

223 1553 241 1585 -1-
257 1551 287 1577 In
312 1550 424 1576 nomine
445 1548 552 1574 domini
574 1547 664 1573 nostri
684 1546 755 1572 ‹Jesu
777 1545 892 1571 Christi.
914 1545 1000 1571 Anno
1020 1544 1150 1578 ejusdem

190 1597 462 1629 MCCXXXanI,
487 1596 669 1631 pontificatus
699 1594 804 1620 domini
835 1593 966 1627 Gregorii
991 1601 1061 1627 pape
1086 1592 1151 1618 noni

190 1656 265 1674 anno
288 1646 378 1678 XIII,
403 1645 558 1672 indictione
582 1643 655 1675 XII,
682 1651 779 1668 mense
797 1642 883 1676 junii,
907 1641 952 1668 die
972 1641 1008 1667 II.
1031 1641 1153 1667 Domina

187 1697 295 1730 Aloysa
310 1695 367 1721 filia
383 1694 486 1720 nobilis
502 1693 554 1718 viri
569 1692 676 1718 domini
693 1691 801 1718 Odonis
817 1690 851 1716 de
868 1690 996 1720 Olibano,
1014 1698 1086 1716 uxor
1101 1698 1152 1716 no-

188 1745 254 1771 bilis
276 1744 327 1770 viri
350 1743 456 1769 domini
474 1741 607 1768 Riccardi
629 1740 705 1766 Petri
722 1740 756 1765 de
772 1739 907 1773 Jaquinto
924 1738 995 1765 civis
1017 1738 1151 1769 Romani,

189 1793 366 1828 emancipata
381 1795 409 1818 et
424 1791 541 1817 liberata
561 1799 577 1816 a
598 1790 688 1824 patria
704 1792 857 1823 potestate,
875 1788 938 1822 ipso
961 1792 1054 1814 tamen
1074 1791 1152 1822 patre

190 1851 243 1869 suo
261 1845 407 1876 presente,
425 1841 552 1871 volente,
570 1838 768 1865 consentiente
790 1841 817 1863 et
839 1837 892 1863 hoc
912 1839 1003 1862 ratum
1021 1836 1152 1869 habente,

191 1893 219 1918 in
244 1890 387 1926 presentia
413 1889 467 1914 mei
493 1887 633 1914 scriniarii
660 1888 732 1912 hona
757 1894 808 1912 sua
833 1886 978 1911 voluntate
1007 1888 1035 1910 et
1064 1885 1152 1910 libero

190 1941 305 1967 arbitrio
316 1938 450 1969 vendidit,
463 1938 551 1963 cessit
563 1937 649 1962 libere
661 1939 687 1961 et
699 1935 878 1961 investiendo
890 1934 1004 1960 tradidit
1017 1935 1152 1968 magistro

192 1990 276 2015 Petro
293 1988 367 2015 dicto
379 1987 480 2013 Rubeo
492 1985 597 2012 domini
611 1993 681 2020 pape
693 1985 796 2010 clerico
809 1992 858 2018 pro
874 1984 936 2017 ipso
951 1982 1065 2008 domino
1082 1991 1153 2017 papa

190 2042 217 2064 et
233 2037 351 2063 ccclesia
367 2036 494 2062 Romana
511 2034 659 2068 recipienti
677 2034 703 2059 in
722 2036 901 2067 perpetuum,
924 2035 1013 2057 totum
1035 2031 1152 2057 seudum

191 2086 267 2120 quod
284 2094 318 2111 ex
335 2085 463 2114 datione,
486 2084 608 2118 premio,
633 2082 859 2115 emancipatione
881 2085 907 2106 et
927 2080 991 2105 dote.
1014 2088 1046 2105 ac
1065 2079 1152 2105 dona-

190 2136 266 2161 tione
283 2135 355 2160 inter
372 2133 451 2158 vivos
463 2136 490 2158 et
502 2133 565 2166 jure
580 2132 634 2157 sihi
651 2138 734 2157 cesso
750 2139 765 2155 a
777 2129 852 2155 dicto
870 2133 947 2163 patre
963 2136 1016 2154 suo
1031 2128 1152 2154 habebat

191 2187 219 2210 et
234 2183 347 2209 tenebat
362 2190 394 2208 ac
406 2182 430 2207 ei
447 2180 626 2215 competebat
641 2180 674 2205 ab
691 2179 753 2213 ipso
770 2177 885 2204 domino
903 2186 972 2211 papa
988 2181 1015 2203 et
1031 2177 1153 2202 ecclesia

190 2232 319 2258 Romana
333 2231 359 2256 in
377 2230 467 2256 roccis
483 2233 511 2255 et
526 2229 629 2255 castris
645 2227 750 2253 Paliani
766 2231 793 2252 et
810 2226 943 2251 Seri-onis
959 2229 987 2251 et
1001 2225 1152 2251 territoriis

192 2285 220 2307 et
248 2279 426 2314 pertinentiis
456 2277 620 2304 eorumdem
648 2277 674 2302 in
703 2276 852 2307 domibus,
878 2274 1029 2305 casalinis,
1056 2274 1150 2305 terris,

190 2330 300 2359 vineis,
318 2329 405 2359 ortis„
422 2327 557 2359 collibus,
576 2326 731 2356 montibus,
750 2324 885 2359 planitiis,
909 2323 1005 2357 pratis,
1024 2323 1151 2357 pascuis,

190 2379 280 2408 silvis,
298 2377 434 2408 sontibus,
452 2375 591 2405 vassallis,
609 2374 789 2402 molendinis.
805 2372 968 2406 specialiter
981 2375 1008 2397 et
1022 2379 1151 2397 commu-

190 2427 262 2453 niter
280 2428 305 2452 in
322 2424 575 2452 communitatibus
590 2423 733 2449 universis
749 2421 915 2448 eorumdem
932 2424 1102 2451 castrorum,
1114 2421 1151 2446 si-

190 2480 238 2502 cut
254 2476 278 2501 ci
296 2483 344 2509 pro
361 2474 453 2500 diviso
471 2473 513 2498 vel
530 2472 652 2498 indiviso
669 2471 838 2504 conpetebat
855 2478 919 2495 cum
941 2470 1108 2496 accessibus
1124 2472 1152 2495 et

191 2524 358 2558 egressibus
383 2522 573 2555 omnibusque
598 2520 659 2546 suis
683 2519 852 2545 utilitatibus
869 2522 896 2543 et
916 2518 1106 2552 pertinentiis,
1125 2521 1152 2543 ct

191 2580 274 2598 omne
293 2573 343 2605 jus
366 2575 394 2597 et
417 2571 556 2596 actionem
581 2573 608 2595 et
625 2569 772 2599 rationem,
795 2568 897 2593 realem
919 2570 947 2592 et
961 2567 1149 2601 personalem,

191 2621 288 2646 utilem
309 2624 336 2646 et
359 2620 504 2650 directam,
529 2619 642 2644 tacitam
668 2621 695 2643 et
721 2624 902 2651 expressam,
929 2615 1004 2649 quod
1027 2619 1054 2641 et
1079 2623 1151 2649 quas

193 2669 313 2695 babebat
339 2669 366 2694 in
392 2667 476 2694 dictis
501 2667 583 2693 bonis
605 2670 632 2691 et
650 2666 736 2691 rebus
751 2665 879 2699 ipsorum
905 2667 1075 2695 castrorum,
1101 2671 1151 2698 pro

194 2849 218 2873 1.
236 2847 340 2881 Rome,
362 2848 377 2873 ‘2
395 2848 458 2882 juin
477 2847 553 2874 1239.
570 2861 603 2866 —
623 2846 731 2880 Aloyse
752 2847 789 2879 (ν.
807 2846 831 2871 la
851 2845 949 2871 charte
970 2844 1150 2879 precedente)

159 2895 231 2921 vend
253 2904 287 2921 au
311 2895 504 2929 Saint-Siege,
529 2897 692 2930 represente
716 2903 765 2928 par
788 2894 900 2925 Rubeo.
925 2894 1000 2920 clerc
1020 2893 1057 2919 du
1080 2902 1151 2928 pape

159 2943 296 2978 Gregoire
312 2944 369 2975 lx,
387 2948 451 2971 tous
467 2953 515 2971 ses
531 2944 621 2970 droits
641 2952 691 2970 sur
708 2943 822 2969 Paliauo
838 2947 865 2969 et
881 2943 1017 2976 Seri-one,
1038 2950 1110 2977 pour
1126 2943 1152 2968 la

159 2999 269 3019 somme
285 2991 319 3017 de
336 2992 413 3023 l,OOO
428 2993 525 3019 livi-es.

1269 412 1359 445 pretio
1376 412 1451 438 mille
1463 412 1596 438 librarum
1612 412 1791 439 denariorum
1804 417 1931 443 senatus,
1945 421 2015 447 quas
2031 414 2164 440 confessa
2179 414 2232 441 fuit

1269 469 1300 486 se
1316 469 1330 486 a
1345 461 1421 486 dicto
1437 460 1551 487 domino
1569 470 1639 496 papa
1654 465 1682 488 et
1698 461 1826 488 Romana
1841 462 1963 488 ecclesia
1979 464 2124 497 recepisse
2138 467 2165 490 et
2176 463 2231 490 sibi

1269 508 1340 534 bene
1358 514 1521 535 numeratas
1542 514 1570 536 et
1593 510 1702 536 solutas
1723 518 1804 542 esse,
1829 511 1997 537 renuntians
2014 520 2067 537 non
2086 516 2232 539 numerate

1268 561 1296 583 et
1316 565 1369 583 non
1394 558 1487 584 solute
1509 559 1630 592 pecunie
1655 559 1817 593 exceptioni
1842 562 1870 585 et
1892 560 2054 594 exceptioni
2076 560 2130 586 doli
2152 564 2180 587 et
2201 561 2231 586 in

1268 606 1385 632 factum.
1402 606 1437 632 Et
1451 606 1473 632 si
1489 607 1645 641 predictum
1660 608 1774 634 feudum
1788 611 1815 634 et
1831 607 1903 634 bona
1916 608 1979 642 plus
1990 608 2126 639 valerent.
2139 612 2231 635 totum

1267 664 1283 680 a
1305 656 1431 688 presenti
1453 656 1544 681 eidem
1570 656 1684 682 domino
1706 665 1778 691 pape
1799 660 1827 682 et
1850 656 1977 683 Romane
1999 657 2120 683 ecclesie
2145 657 2232 683 libere

1267 703 1342 729 inter
1356 704 1437 730 vivos
1453 704 1583 738 donavit,
1601 708 1628 730 et
1642 704 1778 739 quicquid
1791 706 1852 739 ipsa
1866 705 1909 731 vel
1924 705 1978 731 alia
1994 713 2116 740 persona
2132 713 2181 739 pro
2197 713 2231 731 ea

1268 752 1302 777 de
1325 752 1460 786 predictis
1481 753 1614 779 omnibus
1638 753 1823 787 possidebant
1842 757 1933 780 totum
1954 763 1970 780 a
1990 754 2115 788 presenti
2130 762 2161 780 se
2178 762 2230 780 no-

1268 801 1344 826 mine
1360 801 1467 827 domini
1491 809 1562 835 pape
1578 804 1605 827 et
1621 801 1751 828 Romane
1767 802 1890 828 ecclesie
1905 803 2055 829 constituit
2071 802 2231 836 possidere.

1267 848 1302 874 Et
1328 849 1404 875 dedit
1427 849 1518 883 adque
1544 850 1690 876 concessit
1710 850 1765 885 ipsi
1785 850 1899 877 domino
1924 851 2039 877 liberam
2062 854 2232 885 potestatem

1266 897 1390 924 intrandi
1408 903 1435 924 et
1451 898 1610 932 accipiendi
1627 907 1676 933 per
1697 907 1727 925 se
1750 899 1792 925 vel
1817 907 1866 933 per
1887 903 2098 933 procuratorem
2115 907 2166 925 seu
2183 907 2234 934 per

1268 947 1398 973 nuntium
1425 948 1574 973 actoritate
1601 948 1714 982 propria
1742 949 1958 982 possessionem
1982 952 2009 974 et
2031 949 2233 983 proprietatem

1268 996 1394 1021 omnium
1415 995 1620 1029 predictorum,
1637 999 1666 1022 et
1681 996 1814 1030 habendi,
1832 996 1946 1022 tenendi
1963 1000 1990 1022 et
2003 997 2180 1030 possidendi,
2197 996 2232 1023 ad

1267 1052 1340 1079 opus
1356 1048 1383 1070 et
1401 1045 1552 1071 utilitatem
1565 1045 1693 1071 Romane
1709 1045 1830 1071 ecclesie
1845 1045 1872 1071 in
1888 1049 2058 1080 perpetuum
2073 1045 2169 1072 omnia
2183 1053 2234 1072 su-

1269 1094 1404 1128 pradicta.
1426 1093 1560 1120 Promisit
1577 1103 1690 1128 quoque
1707 1094 1899 1120 venditionem
1910 1116 1916 1124 ,
1932 1094 2112 1120 donationem
2123 1116 2129 1127 ,
2147 1094 2235 1121 tradi-

1267 1143 1373 1169 tionem
1391 1143 1463 1169 hanc
1479 1148 1506 1168 et
1523 1143 1574 1169 hec
1587 1144 1681 1169 omnia
1695 1147 1751 1169 rata
1767 1147 1793 1169 et
1805 1143 1884 1169 firma
1897 1143 1922 1169 in
1937 1147 2105 1178 perpetuum
2121 1151 2235 1177 semper

1267 1192 1370 1217 habere
1386 1196 1412 1218 et
1425 1195 1522 1218 contra
1539 1200 1593 1217 non
1611 1192 1710 1218 venire
1725 1192 1818 1227 aliqua
1834 1193 1995 1221 occasione.
2009 1192 2177 1226 exceptione
2188 1191 2233 1218 vel

1267 1240 1361 1271 modo,
1379 1244 1424 1266 set
1441 1240 1514 1266 bona
1530 1241 1592 1275 ipsa
1613 1249 1663 1274 per
1682 1248 1713 1266 se
1737 1244 1765 1267 et
1780 1240 1901 1267 heredes
1917 1244 1944 1266 et
1960 1248 2148 1266 successores
2163 1247 2234 1266 suos

1266 1289 1294 1315 in
1317 1293 1487 1323 perpetuum
1511 1289 1632 1315 ecclesie
1656 1288 1786 1315 Romane
1810 1289 1843 1315 ab
1867 1290 1943 1315 omni
1968 1289 2082 1315 homine
2107 1289 2234 1322 legitime

1267 1336 1418 1362 defendere
1432 1346 1437 1368 3
1459 1336 1535 1370 quod
1551 1337 1635 1362 etiam
1653 1345 1698 1363 res
1714 1337 1791 1372 ipsas
1807 1337 1877 1363 nulli
1892 1337 1937 1363 alii
1955 1336 2081 1363 vendidit
2099 1345 2150 1363 nec
2166 1336 2234 1363 alie-

1268 1385 1345 1411 navit
1356 1393 1406 1411 nec
1418 1385 1549 1411 distraxit
1560 1393 1612 1411 nec
1624 1386 1736 1420 pignori
1750 1385 1896 1419 obligavit.
1909 1394 1962 1411 nec
1974 1390 2046 1411 totas
2059 1394 2110 1411 nec
2127 1389 2232 1419 partes.

1267 1432 1348 1465 Quod
1365 1434 1389 1459 si
1405 1433 1579 1459 contrarium
1596 1434 1689 1467 aliquo
1706 1437 1834 1467 tempore
1850 1433 2013 1468 apparuerit
2028 1437 2077 1459 aut
2093 1433 2118 1459 si
2134 1437 2234 1460 contra

1268 1483 1408 1516 promissa
1431 1489 1479 1515 per
1500 1490 1532 1507 se
1553 1482 1596 1507 vel
1618 1490 1667 1516 pei·
1690 1482 1776 1508 alium
1798 1483 1895 1508 venire
1917 1482 2126 1516 presumpserit
2144 1485 2193 1508 aut
2208 1482 2234 1508 si

1268 1530 1424 1563 legitimam
1447 1529 1501 1555 sibi
1523 1529 1718 1555 defensionem
1740 1538 1795 1555 non
1810 1530 1989 1561 exhibuerit,
2008 1530 2143 1564 obligavit
2158 1538 2190 1556 se
2205 1533 2235 1556 ct

1268 1578 1389 1604 heredes
1410 1582 1436 1603 et
1460 1586 1647 1604 successores
1670 1585 1740 1604 suos
1762 1578 1818 1612 ipsi
1840 1578 1954 1604 domino
1970 1582 1998 1604 et
2013 1578 2235 1605 successoribus

1269 1629 1333 1662 ejus
1346 1630 1374 1653 et
1389 1627 1510 1653 ecclesie
1528 1626 1656 1653 Romane
1673 1627 1700 1652 in
1717 1635 1817 1661 penam
1835 1627 1956 1653 duorum
1974 1627 2081 1654 milium
2099 1627 2234 1653 librarum

1269 1676 1434 1702 solvendam
1446 1685 1451 1708 3
1462 1684 1518 1710 qua
1529 1676 1622 1702 soluta
1633 1676 1676 1701 vel
1689 1684 1755 1708 non,
1771 1676 1824 1701 hec
1835 1677 1929 1702 omnia
1942 1676 2144 1702 nichilominus
2154 1676 2235 1702 firma

1270 1724 1433 1760 perdurent.
1466 1724 1519 1750 Pro
1549 1725 1655 1758 quibus
1682 1724 1816 1750 omnibus
1841 1724 2030 1750 observandis
2054 1728 2082 1750 et
2109 1724 2235 1759 plenarie

1269 1773 1458 1808 adimplendis
1481 1773 1617 1807 obligavit
1637 1773 1728 1798 eidem
1745 1772 1859 1799 domino
1882 1781 1953 1808 pape
1976 1774 2095 1807 suisque
2116 1781 2235 1800 succes-

1271 1823 1385 1848 sorihus
1402 1825 1430 1848 et
1450 1822 1571 1848 ecclesie
1593 1821 1721 1847 Romane
1742 1821 1837 1847 omnia
1853 1821 1926 1847 bona
1948 1830 2000 1847 sua
2016 1822 2130 1847 mobilia
2146 1825 2174 1848 et
2190 1822 2236 1848 in-

1270 1871 1400 1901 mobilia,
1420 1870 1564 1905 presentia
1580 1874 1608 1896 et
1625 1870 1732 1901 sutura,
1750 1870 1804 1896 sibi
1823 1870 2021 1904 undecumque
2036 1870 2232 1902 advenienti-213

1269 1921 1450 1946 constituens
1471 1927 1502 1945 se
1524 1927 1556 1945 ea
1578 1923 1693 1953 propter
1719 1919 1772 1945 hoc
1791 1919 1954 1953 specialiter
1970 1928 2019 1953 per
2039 1927 2089 1945 eos
2106 1920 2235 1953 precario

1270 1968 1428 2004 possidere.
1450 1968 1653 1994 Renuntiando
1676 1968 1703 1993 in
1726 1968 1782 1993 hiis
1803 1968 1936 1993 ‹unuibus
1957 1969 2119 2003 exceptioni
2135 1968 2191 1994 doli
2207 1971 2236 1994 et

1269 2018 1426 2047 infactum,
1439 2020 1557 2043 senatus
1568 2017 1731 2043 consultum
1745 2016 1934 2048 Velleianum,
1949 2017 2067 2043 minoris
2083 2018 2166 2044 etatis
2181 2017 2234 2043 be-

1270 2067 1387 2097 neficio,
1404 2073 1538 2092 asserens
1554 2074 1584 2091 se
1605 2067 1741 2099 majorem
1759 2073 1841 2096 esse,
1859 2070 1886 2091 et
1901 2066 1978 2091 omni
1998 2066 2044 2092 alii
2061 2066 2118 2099 juri
2139 2066 2234 2092 eccle-

1269 2116 1386 2142 siastico
1403 2119 1430 2140 et
1446 2115 1538 2146 civili,
1561 2113 1763 2140 consuetudini
1784 2118 1810 2139 et
1834 2117 1956 2145 statuto,
1975 2123 2029 2148 que
2044 2119 2071 2140 et
2087 2114 2161 2148 quod
2179 2114 2235 2141 sibi

1270 2169 1369 2191 contra
1386 2163 1511 2197 predicta
1528 2166 1625 2197 posset
1640 2163 1822 2196 aliquatenus
1833 2163 1996 2188 subvenire.
2010 2162 2071 2194 Que
2087 2164 2180 2189 omnia
2191 2171 2234 2195 se,

1270 2213 1345 2238 omni
1363 2212 1461 2238 fraude
1477 2216 1505 2237 et
1527 2211 1591 2237 dolo
1613 2212 1744 2242 remotis,
1768 2211 1838 2237 bona
1855 2211 1909 2237 fide
1930 2211 2075 2237 attendere
2091 2215 2118 2237 et
2133 2212 2236 2238 obser-

1269 2270 1335 2287 vare
1357 2265 1385 2286 et
1408 2265 1507 2286 contra
1525 2269 1578 2286 uon
1596 2261 1693 2286 venire
1715 2268 1764 2294 per
1780 2260 1935 2293 legitimam
1951 2260 2162 2294 stipulationem
2179 2260 2234 2295 ipsi

1270 2311 1409 2344 magistro
1434 2318 1484 2344 pro
1505 2309 1619 2335 domino
1645 2318 1715 2343 papa
1739 2313 1766 2335 et
1789 2309 1908 2335 ecclesia
1934 2309 2061 2335 Romana
2087 2309 2233 2344 recipienti

1269 2359 1417 2394 promisit;
1433 2363 1460 2384 et
1476 2358 1508 2384 ad
1528 2360 1663 2391 majorem
1682 2359 1819 2383 cautelam
1838 2359 1956 2391 prestito
1975 2358 2052 2391 pacis
2068 2359 2166 2384 osculo
2184 2366 2235 2384 no-

1270 2409 1345 2434 mine
1357 2408 1514 2441 juramenti
1526 2407 1644 2441 juravit.
1663 2406 1707 2432 Ad
1725 2408 1776 2432 hec
1792 2406 1886 2432 dictus
1900 2400 2033 2432 dominus
2049 2407 2110 2432 Udo
2123 2407 2157 2432 de
2172 2407 2236 2433 Oli-

1270 2456 1343 2482 bano
1369 2459 1446 2489 pater
1472 2457 1535 2489 ejus
1559 2455 1726 2481 renuntians
1748 2463 1835 2488 super
1860 2455 1914 2480 hiis
1939 2455 2101 2488 exceptioni
2126 2455 2182 2481 doli
2207 2458 2235 2481 et

1268 2506 1296 2532 in
1313 2505 1418 2530 factum
1435 2505 1555 2538 epistole
1571 2504 1628 2529 divi
1644 2503 1763 2529 Adriani
1781 2506 1810 2529 et
1830 2511 1901 2528 nove
1918 2503 2132 2530 constitutionis
2148 2504 2235 2530 bene-

1268 2553 1333 2579 ficio
1347 2558 1374 2579 et
1390 2554 1467 2579 omni
1481 2553 1558 2586 juris
1572 2552 1678 2578 auxilio
1694 2551 1822 2577 canonici
1835 2555 1862 2577 et
1873 2552 1976 2583 civilis,
1990 2551 2190 2578 consuetudini
2206 2555 2236 2578 et

1270 2606 1387 2632 statuto,
1400 2610 1457 2635 quo
1474 2601 1517 2627 vel
1533 2601 1639 2635 quibus
1655 2608 1686 2626 se
1702 2605 1799 2634 posset
1809 2600 1903 2633 aliquo
1916 2604 2042 2634 tempore
2055 2604 2154 2626 contra
2170 2608 2236 2634 pre-

1268 2650 1344 2676 dicta
1368 2650 1452 2683 tueri,
1471 2650 1562 2675 cidem
1589 2649 1726 2682 magistro
1748 2648 1832 2674 Petro
1848 2657 1896 2682 pro
1919 2648 2033 2674 domino
2051 2657 2121 2683 papa
2141 2652 2168 2674 et
2187 2657 2234 2675 ec-

1268 2700 1355 2726 clesia
1368 2699 1498 2725 Romana
1515 2698 1663 2733 recipienti
1681 2698 1892 2732 principalitler]
1911 2706 1959 2732 per
1974 2698 2127 2732 legitimam
2142 2697 2235 2732 stipu-

1269 2749 1403 2775 lationem
1427 2748 1559 2783 promisit
1583 2755 1615 2773 se
1638 2747 1779 2773 facturum
1803 2750 1831 2772 et
1855 2751 2019 2772 curaturum
2040 2746 2115 2781 quod
2139 2746 2235 2773 dictus

1269 2797 1403 2823 dominus
1430 2796 1591 2822 Riccardns
1619 2795 1695 2821 Petri
1718 2795 1752 2821 de
1772 2794 1908 2829 Jaquinto
1934 2795 2006 2821 hanc
2029 2795 2234 2829 venditionem⁷

1269 2845 1462 2878 donationem,
1473 2845 1635 2871 cessionem
1648 2849 1675 2870 et
1688 2844 1741 2870 hec
1752 2844 1845 2869 onmia
1858 2843 2008 2869 ratificabit
2017 2847 2044 2869 et
2055 2843 2235 2870 confirmabit

1269 2893 1302 2919 ad
1319 2901 1436 2919 sensum
1452 2893 1591 2928 sapientis
1614 2892 1736 2919 ecclesie
1753 2896 1780 2918 et
1796 2893 1872 2918 omni
1889 2896 2015 2926 tempore
2033 2895 2090 2918 rata
2108 2896 2135 2918 et
2154 2892 2234 2918 firma

1269 2950 1384 2977 semper
1405 2942 1520 2968 habebit
1541 2946 1569 2968 et
1591 2946 1690 2968 contra
1713 2949 1768 2967 non
1793 2941 1888 2967 veniet
1909 2941 2001 2975 aliqua
2021 2941 2172 2967 occasione
2191 2939 2236 2966 vel

1269 2991 1447 3026 exceptione.
1465 2990 1496 3016 Si
1511 2994 1607 3017 autem
1623 2991 1677 3017 hec
1692 2990 1787 3016 omnia
1803 2993 1830 3016 et
1846 2989 1959 3024 singula
1975 2997 2029 3015 non
2042 2990 2125 3016 faciet
2141 2993 2168 3016 et
2182 2989 2236 3015 ob-
