2392 3571
143 322 199 352 544

183 441 373 468 ALATRINUM
390 445 566 466 PREDICTUM
580 445 674 465 SUPER
692 444 890 464 mvnxffixms
905 442 1034 464 nmmos
1051 443 1144 463 cumn

182 500 212 520 IN
235 499 393 520 commu·
420 490 583 518 Euoumxo
608 497 646 516 ET
669 497 707 516 DE
726 496 807 516 Anus
830 495 916 516 Locxs
935 496 1053 516 mc'rtm
1070 495 1144 515 TAN-

181 551 333 572 GENTmus
348 543 368 570 ¹.

221 645 1056 682 DominusForesticusGnilielminz‘Jwatusdissi(quod
1070 644 1146 673 cidit

181 700 289 727 Perum
309 700 463 726 l'ocatcrre
478 703 503 726 ct
517 698 608 734 filios,
626 698 723 725 silicet
738 698 892 726 Albi-icum
911 702 935 725 et
951 697 1142 731 Riccartlum,

181 757 260 779 stare
291 752 343 778 sub
370 751 507 778 dominio
531 755 556 778 et
584 751 723 786 &quarta
751 750 870 778 domini
902 751 1096 786 imperatoris
1121 754 1146 777 et

181 804 265 832 (lucis
281 804 334 839 qui
353 808 416 831 erut
440 804 469 830 in
492 803 603 831 ducatu
623 812 679 839 pro
697 804 880 839 imperatore
896 803 967 831 [lum
988 808 1069 831 terra
1084 803 1146 838 fuit

183 856 315 892 imperii⁷
341 860 366 883 et
388 856 502 883 scrcirc
524 855 602 883 sicut
622 856 681 883 alii
699 855 732 883 dc
755 857 843 883 curia
866 856 1049 889 serviebant,
1077 863 1144 883 cum

182 913 261 936 terra
273 916 327 935 sua
343 913 368 935 ct
383 908 559 936 hominibus
570 908 651 943 suis:
664 913 688 936 ct
699 913 857 945 postquam
871 908 999 936 ducatus
1007 909 1146 945 pervenit

180 961 218 988 acl
232 961 393 988 Ecclesiam
411 960 558 988 similiter
570 961 640 995 fccit
658 961 779 989 nuntiis
794 961 919 988 Ecclesie
935 961 1025 989 donce
1041 961 1096 989 ivit
1114 961 1144 989 in

180 1014 331 1041 civitatem
354 1013 495 1049 Euyubiiv
521 1018 546 1041 et
570 1013 707 1041 homiues
728 1014 777 1042 sui
800 1014 1016 1050 respondebant
1036 1018 1062 1042 et
1083 1022 1147 1042 ser-

180 1066 298 1094 viebant
316 1066 436 1094 nuntiis
451 1067 547 1095 curie.
571 1067 654 1095 Illucl
672 1066 747 1095 idem
766 1067 839 1095 dicit
856 1067 889 1095 tle
907 1067 1029 1095 domino
1043 1067 1147 1104 Huyo-

180 1119 244 1147 lino
269 1118 302 1147 de
326 1119 406 1147 Teclc
426 1123 451 1147 ct
473 1119 649 1148 hominibus
669 1120 744 1148 suis.
767 1120 850 1148 Illud
872 1120 948 1148 idem
969 1120 1043 1148 [licit
1062 1120 1095 1148 de
1119 1129 1147 1149 se

181 1173 242 1209 ipso
258 1176 283 1200 et
301 1172 454 1209 nepotibus
468 1173 533 1201 suis
547 1172 623 1209 filiis
638 1173 749 1201 Marici
762 1177 787 1201 et
803 1173 979 1201 hominibus
993 1174 1058 1202 suis
1075 1182 1147 1210 quos

179 1225 286 1253 habent
300 1225 333 1253 in
349 1225 497 1253 comitatu
509 1225 653 1262 Euyubii.
670 1226 752 1254 Illud
769 1225 844 1253 idem
858 1225 932 1254 ctictt
945 1226 979 1254 (le
991 1226 1147 1255 Bernardo

179 1277 213 1305 de
232 1278 321 1306 Mura
342 1282 368 1306 ct
389 1278 565 1306 hominibus
582 1279 655 1306 suis.
679 1278 761 1306 Jttuct
785 1278 859 1306 idem
885 1278 961 1307 dicit
984 1279 1018 1307 cle
1039 1279 1148 1308 Podere

178 1330 318 1358 Rainerii
331 1330 365 1358 ‹te
380 1330 489 1359 Cocoza
505 1335 530 1359 ct
547 1331 723 1359 nominibus
737 1332 810 1359 suz'S.
830 1331 913 1359 Illud
929 1331 1008 1360 idem
1025 1332 1100 1361 (licit
1116 1332 1149 1361 de

180 1383 356 1411 hominibus
374 1392 446 1420 quos
463 1384 551 1412 abbas
567 1384 600 1411 (lc
615 1385 710 1412 Massa
727 1384 812 1412 habet
831 1385 861 1412 in
880 1385 1027 1413 comitatu
1042 1386 1147 1422 Ευρυ-

179 1436 258 1464 bino.
276 1436 358 1464 Illud
375 1436 450 1464 idem
471 1437 546 1465 dicit
568 1437 601 1464 cle
622 1437 797 1465 hominibus
812 1446 885 1473 quos
901 1438 987 1466 habet
1006 1439 1038 1467 z'n
1053 1439 1148 1467 comi—

181 1493 244 1516 tatu
261 1489 393 1524 Euyubii
410 1489 580 1516 Rainaltlus
601 1489 634 1516 (Ie
656 1489 804 1517 Frontino
822 1491 876 1526 qui
897 1492 1026 1525 suerunt
1045 1491 1148 1528 Huyo-

181 1541 240 1569 lini
257 1542 290 1569 tle
306 1542 415 1569 Sancto
433 1541 510 1569 Polo.
530 1542 613 1569 Illutl
634 1542 709 1570 idem
728 1542 802 1570 dicit
818 1543 852 1571 cle
867 1543 974 1580 podere
989 1545 1106 1573 Bartoli
1122 1549 1148 1573 et

180 1594 258 1622 Gotii
278 1594 450 1630 l'ssuitionis
472 1599 498 1622 ct
519 1594 652 1623 aliorum
673 1595 869 1624 dominorum
893 1596 926 1624 tte
947 1597 1098 1626 Cantiano
1122 1602 1148 1626 et

179 1646 355 1674 hominibus
370 1647 447 1681 suis,
476 1651 501 1675 et
520 1655 586 1675 cum
603 1647 711 1684 podere
729 1648 808 1684 quod
823 1649 895 1677 olim
911 1650 974 1684 suit
990 1649 1150 1678 Senebalcli

179 1703 205 1727 et
223 1699 384 1727 Naimerii.
402 1699 484 1727 Illud
498 1700 575 1728 idem
594 1700 668 1728 clici!
685 1700 717 1728 dc
734 1701 896 1730 comitibus
910 1702 1002 1731 Collis
1012 1703 1149 1731 Matrani

179 1757 204 1780 et
228 1753 403 1781 hominibus
424 1753 500 1781 suis.
527 1754 611 1782 Illud
636 1754 713 1782 idem
736 1754 810 1783 dicit
829 1755 863 1783 cle
884 1756 1060 1785 hominibus
1077 1765 1149 1793 quos

180 1806 288 1833 habent
306 1806 367 1842 filii
387 1806 495 1842 L'qonis
515 1811 540 1834 et
559 1806 621 1842 filii.
636 1807 769 1835 Ranucii
787 1807 820 1836 dc
836 1808 1006 1837 Paravcnto
1023 1810 1053 1838 in
1074 1809 1149 1838 villa

180 1859 277 1887 sancti
300 1858 446 1895 Stephani
468 1859 500 1888 in
523 1860 664 1888 vocabulo
687 1860 855 1897 Claserync.
881 1862 962 1890 Illud
979 1862 1056 1890 idem
1075 1862 1150 1891 dicit

181 1911 214 1939 cle
231 1910 306 1946 filiis
332 1912 414 1947 L'yoli
434 1912 515 1940 Casti
533 1921 626 1948 quani
643 1912 798 1948 familiam
820 1918 918 1942 tenent
938 1914 1001 1950 fitii
1016 1915 1150 1944 Ranucii

179 1965 291 1993 Albcrti
309 1965 398 1993 Fabri
411 1965 444 1993 <Ic
456 1965 662 1994 Moniarciino.
681 1966 757 1994 Item
773 1966 848 1995 [licit
866 1967 945 2003 quod
963 1968 1038 1996 cidit
1056 1969 1149 1997 buca-

182 2027 266 2046 roncs
288 2019 341 2054 qui
362 2019 501 2047 habitant
519 2019 553 2047 in
572 2019 703 2048 Palcano
726 2028 784 2048 esse
809 2029 997 2049 normannos
1017 2023 1101 2050 curie
1124 2027 1150 2051 et

182 2071 294 2098 servire
319 2071 439 2099 nuntiis
461 2071 545 2099 curie
569 2072 648 2100 sicut
670 2073 793 2108 proprii
818 2073 903 2101 curie
930 2075 1091 2103 manuales
1115 2076 1150 2104 in

181 2123 331 2157 omnibus,
347 2124 424 2152 sicut
443 2124 576 2152 volebant
590 2128 615 2152 et
629 2125 836 2161 precipiebam
854 2126 912 2162 ipsi
930 2127 1048 2155 nuntii.
1067 2127 1151 2156 Illud

182 2176 257 2203 istem
285 2176 360 2204 (licit
385 2176 418 2203 de
442 2177 619 2205 hominibus
645 2185 718 2213 quos
743 2177 829 2206 habet
852 2178 884 2206 in
913 2178 992 2208 dicto
1016 2180 1150 2209 Palcano

182 2229 320 2256 heremus
339 2228 445 2257 Sancte
469 2229 574 2258 Crucis
594 2230 699 2258 Fontis
717 2230 860 2259 Avellane
876 2236 902 2260 et
920 2232 994 2260 aliis
1011 2233 1151 2261 omnibus

181 2281 214 2309 tle
232 2281 293 2318 ipso
314 2282 389 2316 loco,
410 2282 538 2319 acceptis
554 2282 731 2311 hominibus
747 2283 866 2312 domini
881 2284 1030 2321 Huqonis,
1051 2290 1076 2314 et
1097 2285 1150 2314 do-

181 2334 261 2362 mini
276 2334 467 2369 Berarducii,
486 2339 510 2363 et
527 2335 647 2363 domini
661 2335 811 2372 Huqolini
826 2336 859 2364 ote
874 2337 1047 2374 Aquaviva.

221 2387 367 2416 Dominus
388 2388 561 2425 Huyolinus
585 2389 618 2417 de
647 2389 727 2418 Tecle
745 2390 875 2426 jitratus
903 2390 978 2419 dicit
1007 2390 1085 2419 idem
1114 2392 1149 2420 in

182 2440 321 2468 omnibus
337 2440 415 2476 quod
430 2440 572 2469 dominus
590 2441 770 2471 Foresticus.

222 2493 369 2522 Dominus
383 2493 557 2530 Huyoli-nus
572 2494 824 2532 Gelfonijuratus
841 2496 916 2524 (licit
929 2496 1009 2533 quod
1022 2501 1151 2534 tempore

183 2545 270 2574 ducis
284 2546 411 2574 Corradi
424 2546 502 2575 vidit
518 2548 735 2576 marescalcum
751 2548 888 2577 Diaterre
904 2553 1000 2577 tenere
1013 2558 1070 2586 pro
1086 2550 1150 2587 ipso

183 2598 255 2627 duce
273 2599 459 2628 medietatem
477 2600 570 2628 castri
586 2600 699 2629 montis
717 2601 816 2629 sancti
831 2601 966 2638 Appoliti
981 2610 1050 2631 cum
1066 2607 1150 2631 curte

183 2659 239 2680 sua
254 2656 279 2680 et
294 2652 438 2688 familiis,
451 2657 476 2681 et
488 2652 561 2681 dicit
573 2653 651 2690 quod
666 2653 747 2682 idem
761 2655 964 2684 marescalcus
975 2664 1005 2684 eo
1019 2660 1149 2693 tempore

184 2704 326 2740 obliyavit
343 2705 456 2733 dictam
472 2705 662 2734 medietatem
679 2707 773 2735 castri
788 2708 874 2744 patri
888 2715 942 2736 suo
959 2708 1108 2745 Gelphono
1124 2714 1150 2738 et

186 2756 307 2785 domino
330 2757 506 2787 Hermanno
528 2760 614 2795 patri
636 2759 756 2787 domini
778 2760 895 2789 Antlree
919 2769 976 2798 pro
1001 2769 1036 2791 cc
1063 2762 1151 2792 libris

185 2917 209 2943 1.
225 2932 258 2936 —
274 2917 401 2951 Enquete
418 2919 484 2945 faite
500 2928 549 2954 par
566 2921 590 2946 le
607 2924 720 2947 rectem·
736 2922 866 2948 Alatrino
885 2931 935 2949 sur
952 2924 993 2951 les
1008 2924 1099 2952 droits
1114 2925 1149 2952 de

147 2963 231 2991 l’Etat
245 2965 315 2991 dans
331 2966 356 2991 le
372 2969 464 2993 comte
480 2967 513 2994 de
530 2968 643 2995 Gubbio
659 2974 687 2996 et
703 2978 758 2996 aux
775 2971 920 2998 environs.

686 318 736 346 LE
760 318 904 346 LIBER
927 316 1162 346 CENSUUM
1185 316 1240 345 DE
1264 306 1450 345 L’IZGLISE
1474 316 1685 346 ROMAINE.

144 386 343 417 CCLXXYI.
367 402 404 406 ——
428 386 495 413 Is‘rt
521 393 601 413 SUNT
625 392 741 412 TESTES
763 392 892 412 RECEPTt
916 391 972 411 PER
997 391 1143 412 DOMtNUM

1267 382 1448 417 lucensium,
1466 387 1492 411 et
1506 383 1576 417 fecit
1592 383 1663 411 inde
1676 383 1718 410 eis
1736 383 1986 418 instrumentumJ
2005 387 2030 411 ct
2048 383 2107 419 ipsi
2122 383 2236 412 habue-

1266 439 1340 462 runt
1356 439 1382 462 et
1399 439 1562 463 tenuerunt
1578 434 1693 462 dictum
1713 439 1846 463 castrum
1859 435 1933 471 jure
1945 435 2086 471 piynoris
2101 440 2126 463 et
2147 435 2236 464 habi-

1267 491 1410 515 taverunt
1428 487 1469 515 ibi
1483 496 1536 523 per
1557 487 1631 515 cluos
1649 496 1757 515 annos.
1774 487 1922 515 Redeunte
1938 496 2007 516 vero
2026 488 2099 516 (luce
2115 496 2132 516 a
2157 488 2236 517 Valle

1265 538 1426 575 Spolctana
1439 540 1558 568 vocavit
1570 540 1609 568 ad
1619 549 1647 568 se
1662 540 1756 568 dictos
1770 540 1955 577 Gelphonum
1972 541 2231 576 etHermannum,

1266 596 1292 619 et
1316 592 1437 628 repetiit
1462 592 1498 620 ab
1523 593 1566 620 eis
1592 597 1725 620 castrum
1749 597 1775 620 et
1801 592 1882 621 dedit
1906 593 1948 621 eis
1971 592 2159 629 fidejttssores
2179 602 2236 630 pro

1266 643 1357 672 dictis
1377 644 1514 673 denariis
1529 645 1706 679 reddendis,
1727 645 1936 682 Bulyarellum
1954 645 1988 674 de
2003 646 2141 680 Fossam,
2165 647 2236 675 Per-

1265 698 1376 732 fectum
1402 698 1435 726 (Ie
1462 698 1587 732 Gualdo,
1612 699 1764 727 Andream
1788 699 1821 726 cic
1843 700 2052 736 Compresseto‚
2079 703 2105 727 et
2125 700 2168 728 sic
2188 709 2236 728 re-

1266 750 1358 786 ceptis
1379 750 1607 787 fidejussoribus
1626 751 1694 779 istis
1714 752 1771 788 ipsi
1795 752 1996 779 restituerunt
2013 751 2072 779 sibi
2087 756 2235 786 castrum,

1265 807 1291 830 et
1312 802 1375 831 dua·
1400 804 1496 831 tenuit
1514 804 1614 840 ipsum
1640 808 1773 832 castrum
1799 809 1824 832 et
1848 805 1956 832 nuntii
1977 804 2041 840 eJ‘us
2066 812 2158 840 usque
2179 812 2236 840 quo

1266 856 1373 884 amisit
1399 855 1559 889 ducatum,
1586 861 1612 884 et
1639 857 1745 884 Petrus
1773 856 1808 885 cle
1833 856 1924 884 Serra
1957 861 1982 884 ct
2009 856 2179 884 Rainaltlus
2203 856 2238 885 de

1268 907 1383 936 Gualtlo
1411 913 1574 937 tenuerunt
1605 909 1703 945 ipsum
1732 913 1865 937 castrum
1893 917 1948 945 pro
1976 909 2047 937 duce
2077 917 2171 945 usque
2198 908 2237 937 ad

1267 965 1393 988 mortem
1422 961 1521 997 ipsius
1548 961 1645 989 (lucis.
1673 961 1789 989 Mortuo
1816 969 1884 989 vero
1909 960 1981 989 duce
2005 961 2158 989 Lcazarus
2182 961 2237 998 qui

1269 1013 1383 1042 tenebat
1405 1014 1500 1042 aliam
1529 1014 1717 1043 medietatem
1745 1014 1837 1042 castri
1865 1014 1978 1050 accepit
2002 1014 2096 1042 aliam
2124 1014 2237 1042 medie-

1269 1070 1356 1094 tatem
1367 1067 1452 1094 curz'e
1465 1071 1490 1095 ct
1501 1067 1607 1102 tenuit,
1623 1071 1648 1095 et
1664 1067 1789 1095 interim
1803 1067 1912 1095 civitas
1923 1066 2238 1103 Euyubiidevastavit

1269 1119 1368 1155 ipsum
1394 1124 1526 1147 castrum
1542 1130 1551 1154 ;
1575 1124 1601 1147 et
1627 1119 1727 1148 dictus
1747 1120 1899 1148 Leazarus
1919 1124 1945 1148 et
1963 1119 2023 1155 filit
2039 1119 2239 1148 detinuerunt

1264 1176 1365 1208 postea
1383 1172 1480 1200 locum
1496 1172 1606 1209 ipsum,
1620 1176 1645 1200 ct
1661 1172 1762 1200 adhuc
1778 1172 1922 1200 detinent.
1940 1172 2124 1200 Acloeniente
2136 1176 2239 1209 postea

1267 1224 1416 1252 Diabultlo
1431 1232 1487 1261 pro
1505 1225 1578 1253 duce
1596 1225 1631 1253 in
1649 1225 1810 1259 ducatum,
1830 1225 1947 1261 repetiit
1969 1224 2085 1253 dictum
2101 1229 2236 1253 castrum

1267 1278 1377 1306 Montis
1392 1278 1498 1306 Sancti
1512 1278 1627 1315 Apoliti
1642 1287 1659 1306 a
1675 1277 1753 1306 dicto
1769 1278 1920 1312 Leazaro;
1942 1277 1991 1306 sed
2007 1278 2080 1314 quia
2099 1285 2158 1306 non
2176 1285 2238 1306 res-

1269 1331 1354 1358 tituit
1370 1330 1428 1358 sibi
1443 1331 1560 1359 [lictum
1574 1335 1720 1365 castrum,
1737 1330 1802 1359 dire
1815 1330 1916 1358 dixit:
1935 1341 1948 1355 «
1964 1330 2123 1366 Postquam
2141 1329 2238 1358 michi

1268 1392 1328 1412 -non
1343 1384 1470 1412 redditis
1487 1389 1620 1413 castrum
1637 1392 1746 1418 meum,
1767 1392 1817 1420 eyo
1832 1384 1938 1418 aufero
1954 1382 2035 1411 vobis
2050 1386 2186 1411 castrum
2204 1381 2240 1410 de

1268 1437 1407 1472 Branca;
1432 1448 1443 1462 n
1468 1442 1493 1465 et
1515 1438 1668 1465 Lcazarus
1686 1441 1711 1465 et
1728 1437 1788 1473 filii
1812 1436 1957 1464 dixerunt
1980 1446 1988 1463 :
2012 1447 2024 1461 «
2048 1435 2188 1464 Castrum
2212 1439 2238 1464 et

1268 1491 1374 1518 omnia
1397 1499 1452 1526 quc
1473 1490 1616 1518 habemus
1640 1494 1691 1518 tua
1713 1494 1807 1524 sunt;
1828 1493 1910 1525 potes
1930 1488 1999 1517 inde
2014 1489 2111 1523 facere
2126 1488 2239 1516 volun-

1271 1548 1361 1571 tatem
1390 1548 1486 1571 tuam.
1513 1554 1525 1568 >³
1551 1544 1586 1571 Et
1613 1543 1657 1571 ita
1684 1543 1748 1571 dua:
1775 1543 1888 1579 accepit
1915 1542 2015 1578 ipsum
2042 1545 2177 1569 castrum
2204 1540 2238 1568 de

1268 1596 1387 1625 Branca
1410 1601 1436 1624 et
1458 1597 1555 1624 tenu-it
1574 1597 1671 1633 ipsum
1693 1604 1760 1624 cum
1779 1600 1862 1623 curte
1877 1595 1986 1623 Montis
2004 1594 2110 1622 Sancti
2125 1593 2239 1630 Apoliti

1266 1658 1321 1686 per
1336 1649 1410 1677 (lu-os
1425 1658 1532 1678 annos.
1552 1649 1691 1678 Castrum
1714 1657 1780 1676 vcro
1793 1648 1902 1676 Montis
1917 1647 2021 1676 Sancti
2037 1646 2151 1683 Apoliti
2168 1650 2240 1674 tunc

1269 1706 1333 1730 erat
1349 1702 1548 1731 destructum.
1565 1702 1598 1730 Et
1615 1701 1690 1730 dicit
1705 1701 1784 1738 quod
1801 1709 1866 1729 una
1880 1701 1961 1737 petia
1980 1704 2056 1728 terre
2071 1699 2156 1727 curie
2170 1707 2240 1727 ma-

1270 1756 1376 1784 nualis
1391 1760 1432 1783 est
1448 1756 1479 1783 in
1498 1755 1641 1783 districtu
1657 1755 1771 1791 Siqua,
1792 1755 1821 1782 in
1838 1754 1979 1782 vocabulo
1997 1753 2086 1782 Collis
2099 1751 2238 1786 Merdosi,

1270 1817 1360 1845 quam
1385 1812 1484 1836 tenent
1507 1808 1545 1836 acl
1571 1807 1772 1836 laborandum
1792 1807 1854 1844 ipse
1874 1811 1900 1834 et
1921 1807 2048 1842 fratres,
2067 1810 2091 1833 et
2109 1804 2240 1833 reddunt

1271 1862 1390 1889 tertiam
1408 1865 1525 1898 partem
1543 1862 1702 1896 '‘i-itctuuiii
1721 1860 1832 1888 nuntio
1847 1860 1930 1888 curie
1947 1859 2000 1895 qui
2017 1863 2056 1887 est
2071 1858 2126 1886 ibi.

1309 1914 1457 1942 Dominus
1482 1914 1635 1942 Joliannes
1661 1913 1833 1941 Hermanni
1853 1912 1983 1948 juratus
2006 1911 2080 1939 (licit
2105 1910 2138 1938 cle
2160 1910 2240 1945 facto

1269 1967 1363 1995 castri
1378 1967 1488 1996 Montis
1502 1966 1608 1995 Sancti
1627 1967 1741 2003 Apoliti
1756 1970 1781 1994 el
1798 1965 1831 1993 de
1846 1966 1924 2001 facto
1940 1965 2053 1993 Brancc
2068 1963 2143 1992 dicit
2158 1962 2239 1991 idem

1271 2020 1350 2056 quod
1368 2020 1511 2048 dominus
1522 2019 1695 2055 Huyolinus
1705 2018 1862 2055 predictus
1880 2018 1911 2045 in
1927 2014 2078 2045 omnib-us.

1310 2073 1459 2101 Dominus
1477 2073 1643 2101 Raincrius
1659 2071 1692 2100 de
1711 2071 1803 2100 Serra
1820 2071 1950 2107 juratus
1972 2069 2046 2098 elicit
2065 2069 2143 2105 quod
2160 2068 2240 2097 vidit

1271 2126 1446 2154 Diaterram
1462 2126 1613 2154 nuntium
1632 2124 1718 2153 [lucis
1737 2123 1865 2153 Corradi
1884 2131 1940 2160 pro
1961 2123 2024 2159 ipso
2044 2122 2117 2150 (luce
2142 2126 2240 2150 tencre

1272 2184 1298 2208 et
1325 2180 1431 2208 habere
1456 2183 1589 2207 castrum
1614 2178 1722 2207 Montis
1749 2177 1854 2206 Sancti
1875 2177 1989 2214 Apoliti
2014 2184 2083 2204 cum
2111 2179 2193 2204 curte
2212 2179 2239 2203 et

1272 2232 1448 2261 hominibus
1472 2232 1551 2265 suis,
1577 2236 1603 2259 ct
1628 2230 1706 2260 vidit
1731 2231 1821 2258 ctiam
1849 2228 2047 2264 Rambaldum
2072 2227 2105 2256 dc
2125 2227 2240 2256 Guatdo

1274 2290 1370 2313 tenere
1396 2284 1513 2312 [lictum
1538 2288 1671 2312 castrum
1696 2291 1752 2320 pro
1779 2282 1869 2316 duce,
1895 2281 1945 2310 sed
1968 2285 2082 2318 quanto
2109 2285 2240 2317 tempore

1268 2337 1456 2375 possederint
1473 2337 1546 2365 dicit
1563 2336 1642 2373 quod
1656 2336 1749 2364 nescit
1759 2346 1769 2371 ,·
1790 2339 1816 2363 et
1832 2334 1906 2363 dicit
1922 2334 2001 2371 quod
2017 2333 2096 2362 vidit
2110 2332 2240 2370 Huyoli-

1270 2399 1348 2420 num
1373 2391 1407 2419 de
1434 2390 1547 2419 Sancta
1571 2389 1663 2418 Cruce
1688 2393 1786 2417 tenere
1806 2388 1957 2416 Brancam
1982 2395 2038 2424 pro
2061 2386 2165 2421 curia,
2189 2384 2239 2414 sed

1267 2452 1324 2482 pro
1341 2452 1399 2480 quo
1414 2443 1486 2472 duce
1504 2442 1634 2471 tenuerit
1647 2449 1710 2470 non
1722 2440 1917 2474 recordatur;
1935 2443 1960 2467 et
1976 2438 2052 2467 dicit
2068 2437 2146 2475 quod
2161 2437 2240 2466 vidit

1269 2497 1445 2525 Anselmum
1463 2495 1497 2524 de
1516 2495 1645 2524 Glorano
1660 2498 1740 2523 stare
1761 2493 1910 2522 bailivum
1928 2500 1984 2529 pro
2004 2491 2094 2520 curia
2110 2490 2143 2519 de
2167 2491 2240 2519 Vac-

1270 2550 1374 2584 caria,
1403 2549 1563 2583 Radicata,
1593 2548 1739 2581 Glorano‚
1768 2546 1864 2575 Monte
1893 2544 2090 2579 Baruncetto,
2120 2548 2146 2572 et
2170 2551 2240 2572 ma-

1264 2603 1331 2640 j0ri
1352 2606 1440 2640 parte
1461 2601 1624 2630 comitatus
1641 2600 1789 2637 Euyubii,·
1812 2603 1839 2627 et
1861 2598 1936 2627 dicit
1954 2597 2033 2635 quod
2053 2596 2132 2625 vidit
2146 2595 2240 2625 Lodo-

1270 2656 1373 2685 vicum
1397 2655 1431 2684 de
1456 2654 1582 2684 Summo
1609 2657 1689 2682 stare
1713 2652 1852 2690 bajitlum
1874 2660 1930 2689 pro
1953 2649 2100 2679 Diabuldo
2123 2649 2159 2678 in
2182 2652 2241 2678 toto

1271 2709 1436 2742 comitatu,
1463 2712 1488 2736 et
1513 2707 1695 2745 precipiebat
1718 2707 1751 2734 in
1778 2709 1835 2734 toto
1861 2704 2008 2733 comitatu
2031 2702 2164 2739 Euyubii
2182 2709 2241 2739 pro

1270 2761 1419 2790 Diabuldo
1434 2760 1507 2789 dum
1524 2760 1604 2788 stetit
1621 2759 1681 2796 ipse
1696 2757 1876 2786 Diabuldus.

1310 2814 1459 2842 Dominus
1474 2812 1663 2850 Suppolinus
1677 2811 1711 2840 de
1730 2810 1822 2839 Serra
1831 2810 1961 2846 juratus
1979 2808 2053 2837 dicit
2068 2807 2147 2844 quod
2161 2806 2241 2836 vidit

1271 2856 1380 2894 ducem
1399 2865 1567 2895 Corradum
1592 2869 1738 2900 tanquam
1762 2862 1938 2896 dominum,
1962 2864 1988 2888 et
2007 2868 2075 2888 suos
2095 2858 2239 2893 nuntios,

1271 2919 1378 2948 habere
1387 2923 1413 2947 et
1425 2923 1521 2947 tenere
1529 2918 1666 2955 gironem
1679 2915 1825 2949 Mevanie,
1836 2918 1970 2943 castrum
1983 2911 2168 2946 Uocem-onis,
2177 2919 2242 2940 roc·

1272 2980 1338 3000 cam
1355 2971 1388 2999 de
1406 2970 1535 3004 Gualdo,
1558 2969 1701 2998 Sanctam
1724 2967 1856 2996 Mariam
1876 2965 2045 2999 Laurentii,
2064 2963 2239 2998 Rodionem,
