2392 3571
664 344 713 373 LE
738 344 883 374 LIBER
905 344 1139 375 CENSUUM
1163 344 1217 373 DE
1240 336 1428 374 L'EGLISE
1450 345 1659 376 ROMAINE.
2152 351 2206 381 541

154 410 223 438 rius
244 410 443 438 continentur
457 410 492 438 in
507 419 563 439 sua
580 415 726 439 maneant
743 410 901 447 firmitate.
920 411 954 439 Et
970 411 1009 439 acl
1024 411 1122 447 maJ'o-

154 471 217 491 rem
241 462 421 499 firmitatem
444 464 549 492 omnia
572 468 597 492 et
618 465 741 501 singula
761 464 938 500 supradicta
958 469 990 492 ut
1008 465 1041 492 in
1056 464 1123 492 sin-

154 515 236 552 yulis
249 516 395 552 capitulis
410 517 607 545 continentur
624 517 780 545 observare
799 521 825 544 et
846 517 998 545 attendere
1017 521 1043 544 et
1063 524 1123 544 non

154 569 369 597 contravenire
394 569 545 597 occasione
568 569 700 597 minoris
721 569 810 597 etatis
834 569 880 597 vel
901 569 965 596 alia
991 568 1124 604 qualibet

154 621 314 649 occasione'
324 621 370 649 vel
384 620 505 656 fraude,
524 621 611 649 tactis
626 621 826 649 saerosanctis
841 621 1009 657 evangeliis
1024 628 1124 657 eorpo-

156 673 266 701 raliter
275 674 432 710 juramus.

194 726 303 754 Actum
331 726 364 753 in
392 725 516 754 civitate
539 725 801 761 Interampnensi‚
833 726 866 753 in
893 725 980 754 domo
1005 725 1125 754 domini

154 778 297 815 Svymonis
311 777 498 815 supradicti,
517 778 707 813 presentibus
723 777 846 805 domino
862 777 996 806 Jordano
1015 783 1125 806 rectore

156 835 234 859 terre
252 830 500 867 Arnulphomm,
523 830 647 858 domino
670 830 735 857 Vita
755 829 874 858 domini
896 829 1050 866 Symonts,
1071 830 1124 858 clo-

155 884 241 911 mino
261 882 469 911 Bartholomeo
489 882 524 910 de
545 883 753 918 Aquasparta‚
777 882 954 910 Transerico
974 882 1126 911 Johannis

157 935 305 973 Gregorii,
323 935 446 964 domino
461 935 566 963 Jacobo
583 935 705 968 Maffiei,
718 934 824 963 Jacobo
840 934 959 962 domini
971 934 1088 963 Antiree
1098 939 1125 963 et

155 988 230 1017 aliis
243 988 386 1025 pluribus
401 987 440 1016 ad
458 988 510 1016 hoc
528 987 641 1016 vocatis
656 992 682 1015 et
698 987 813 1024 royatis
830 987 963 1015 testibus.

194 1041 255 1078 Eyo
270 1041 376 1070 Petrus
388 1045 577 1069 sacrosancte
591 1041 722 1069 Romane
737 1040 855 1069 ecclesie
871 1041 1054 1069 auctoritate
1070 1049 1125 1069 no-

157 1094 270 1129 tarius,
292 1094 346 1123 hoc
363 1094 607 1122 instrumentum
623 1093 657 1121 de
673 1093 819 1121 mandato
836 1092 956 1121 domini
973 1093 1127 1121 Benedicti

155 1147 325 1176 camerarii
339 1147 460 1175 domini
476 1155 564 1183 pape,
582 1146 621 1174 ad
636 1147 805 1183 eaeemplum
823 1147 988 1175 auctentiei
1006 1147 1125 1175 instru-

156 1200 253 1229 menti
276 1208 330 1237 per
353 1208 483 1228 manum
507 1208 607 1228 meam
629 1200 722 1235 facti,
751 1199 784 1227 in
814 1199 867 1228 hoc
894 1199 970 1227 libro
995 1199 1126 1235 fideliter

156 1253 327 1290 exemplavi
343 1257 368 1281 et
384 1261 485 1280 meum
500 1253 626 1289 siynum
641 1253 739 1289 posui.

115 1422 325 1453 CCLXXIII.
348 1439 385 1444 —
409 1422 662 1452 INSTRUMENTUM
684 1431 917 1452 nomchLmflUM
940 1432 979 1452 ET
1001 1432 1125 1452 MANUA-

158 1484 234 1505 mnu
250 1476 356 1505 Roccs
373 1475 522 1504 MmANnE
536 1476 557 1504 ¹.

197 1595 232 1623 In
258 1595 379 1623 nomine
400 1595 523 1623 Domini
543 1599 568 1623 et
587 1600 689 1623 sancte
711 1599 737 1623 et
758 1595 922 1624 individue
949 1596 1122 1631 Trinitatis,

157 1656 259 1676 amen.
282 1648 369 1676 Anno
391 1647 510 1676 domini
533 1648 749 1681 MCCXXXIIII,
772 1648 941 1677 indictione
965 1649 1024 1684 ΠΙ,
1051 1654 1126 1677 tem-

156 1709 227 1738 pore
249 1701 370 1730 domini
393 1701 531 1738 Greyorii
546 1710 622 1738 pape
643 1702 729 1735 noni,
756 1710 854 1729 mense
875 1702 980 1738 aprili,
1005 1701 1052 1730 die
1073 1702 1131 1730 XII

160 1754 308 1782 intrante.
327 1753 384 1782 Hec
399 1758 471 1782 sunt
488 1753 669 1782 donneealia
685 1758 710 1782 et
727 1754 891 1782 manualia
911 1763 967 1790 que
984 1754 1127 1783 dominus

161 1806 340 1841 Ofreducius
356 1806 389 1834 de
404 1806 548 1834 Miranda
563 1807 735 1842 assiqnavit
750 1806 873 1835 domino
890 1807 1008 1835 Barono
1021 1807 1128 1836 castel-

159 1859 232 1887 lano
248 1859 388 1887 Mirande
400 1867 455 1896 per
469 1859 629 1887 dominum
644 1859 825 1887 Alatrinum
839 1864 981 1888 rectorem
1000 1860 1129 1888 ducatus

157 1911 282 1949 Spoleti,
297 1920 354 1949 pro
368 1920 396 1940 se
412 1916 438 1940 et
451 1911 524 1940 aliis
539 1911 674 1940 dominis
690 1911 724 1939 de
736 1912 888 1947 Miranda,
903 1913 1084 1949 scilicetpro
1099 1921 1128 1941 se

157 1969 185 1993 et
200 1965 324 1993 domino
338 1965 461 1993 Simone
473 1965 589 2001 majore
605 1969 630 1992 et
646 1964 723 2000 siliis
738 1964 858 1993 domini
874 1965 1000 1993 Roberti.

198 2018 233 2046 In
257 2018 370 2055 primis
390 2026 447 2054 pro
474 2021 561 2054 parte
585 2017 705 2046 domini
729 2018 885 2053 Osretlucii
909 2028 918 2046 :
947 2027 956 2046 1
983 2027 1124 2056 campum

157 2075 236 2099 terre
251 2075 278 2099 et
293 2079 303 2099 1
315 2071 432 2107 petiam
447 2071 533 2098 vinee
542 2071 714 2107 positarum
730 2071 762 2099 in
778 2071 922 2099 vocabulo
936 2071 1126 2108 Cave,juaeta

158 2124 281 2152 Petrum
298 2124 394 2152 Celate
412 2123 585 2152 Guarinum
603 2128 629 2151 et
645 2123 730 2151 viam
744 2123 918 2159 publicam;
935 2124 1003 2152 item
1020 2133 1030 2152 1
1042 2133 1127 2153 cam-

156 2185 232 2214 pum
245 2181 321 2204 terre
332 2176 427 2213 posite
441 2176 475 2204 in
494 2176 633 2204 vocabulo
646 2176 757 2210 Triviz',
769 2177 864 2212 juxta
876 2177 957 2204 viam
970 2177 1126 2214 publicam

157 2238 177 2258 a
193 2229 307 2258 duobus
334 2229 481 2258 lateribus
505 2230 634 2266 etjuccta
650 2229 819 2258 Joltannem
839 2230 959 2258 domini
974 2231 1126 2266 Almonis,-

158 2283 233 2310 item
248 2290 258 2310 1
273 2290 417 2319 campum
434 2286 511 2310 terre
525 2282 658 2318 positum
675 2282 707 2310 in
723 2282 864 2311 vocabulo
879 2282 1021 2318 Quercus,
1032 2283 1128 2319 Juxta

163 2336 246 2364 viani
268 2344 324 2372 que
346 2335 430 2364 vadit
452 2335 491 2363 acl
506 2335 616 2364 Portus
636 2335 826 2364 Marmorum
841 2340 867 2364 et
887 2336 1086 2365 Mainardum
1101 2341 1127 2365 et

165 2391 329 2419 Venturam
356 2390 502 2419 Rainalcii
526 2394 551 2418 et
571 2390 667 2426 juxta
690 2390 907 2426 Scanyittum;
932 2391 1003 2419 item
1028 2399 1127 2419 unum

159 2451 304 2481 campum
330 2447 407 2471 terre
429 2443 565 2480 positum
587 2443 622 2471 in
647 2443 790 2471 vocabulo
814 2443 905 2479 Uimi,
923 2445 1019 2480 Juxta
1044 2445 1125 2472 viam

160 2496 270 2533 Ptayqe
285 2500 311 2525 et
331 2495 492 2524 dominum
511 2495 664 2524 Simonem
686 2496 835 2532 majorem
856 2501 882 2524 et
896 2497 991 2533 juoeta
1010 2497 1128 2526 Jotzan-

160 2557 230 2578 nem
244 2549 368 2584 Leonis;
387 2549 458 2577 ‘item
477 2557 487 2576 1
505 2549 619 2585 petiam
637 2553 715 2577 terre
729 2549 764 2577 in
787 2549 928 2578 vocabulo
954 2550 1056 2585 Vallis,
1076 2550 1128 2579 ubi

118 2616 122 2619 >
158 2601 278 2630 dicitur
300 2601 405 2637 Ortus,
421 2601 515 2637 juxta
533 2602 697 2636 fossatum,
723 2600 891 2630 Henricum
919 2601 1077 2631 Guillelmi
1103 2608 1129 2632 et

159 2654 331 2683 Iohannem
346 2653 482 2688 Letonis;
502 2654 574 2682 item
590 2661 599 2681 1
613 2653 727 2690 petiam
753 2657 829 2682 terre
848 2654 900 2682 ubi
923 2654 1041 2683 dicitur
1056 2655 1129 2684 Fer-

160 2707 286 2740 rainile‚
305 2710 375 2734 ante
387 2706 502 2734 turrim
516 2705 544 2734 Μ
547 2705 665 2734 irande.
679 2705 697 2733 I
698 2710 753 2734 tem
767 2705 867 2734 dictus
879 2705 1059 2741 Ofreducius
1071 2708 1128 2736 ha-

418 2811 435 2823 0

158 2905 184 2931 1.
212 2904 244 2930 12
264 2903 334 2930 avril
360 2903 436 2929 1234.
457 2917 491 2923 —
514 2902 578 2929 Etat
600 2902 651 2928 des
673 2902 757 2929 fonds
778 2902 812 2928 de
834 2907 909 2929 terre
929 2904 1069 2931 attribues
1091 2914 1127 2932 au

121 2960 253 2979 nouveau
269 2951 410 2978 chatelain
427 2950 462 2977 de
478 2950 618 2982 Miranda,
632 2953 745 2977 nomme
762 2959 811 2985 par
821 2950 847 2976 le
859 2955 971 2978 rectem·
984 2952 1126 2980 Alatrino.

119 3014 155 3020 —
169 2999 208 3026 Le
224 3000 299 3031 titre,
316 2999 351 3026 de
368 2999 508 3034 premiere
526 3000 611 3030 main,
631 3002 710 3033 porte
727 2999 936 3026 manualiaum.

1245 411 1310 438 buit
1329 419 1385 447 pro
1406 420 1460 439 suo
1479 412 1616 441 dominio
1637 418 1663 441 et
1687 414 1880 451 (lomnecalqo
1906 416 2103 444 tenimentum
2129 417 2209 453 quod

1245 463 1342 492 tenuit
1360 464 1542 500 Rapizonus.

1284 516 1342 544 Pro
1360 521 1447 552 parte
1469 517 1587 545 domini
1605 518 1740 546 Simonis
1765 520 1890 556 majoris
1909 521 2079 556 assiynavit
2097 530 2104 549 1
2123 531 2207 550 cam-

1244 576 1316 604 pum
1335 572 1412 596 terre
1427 569 1556 604 positum
1577 571 1608 597 in
1628 572 1767 599 roeabulo
1784 572 1872 608 liupi‚
1886 573 1979 608 justa
1993 573 2072 609 filios
2090 574 2210 602 domini

1248 620 1361 649 Roberti
1376 625 1402 648 et
1415 621 1550 649 eumdem
1568 622 1761 656 llsreducium
1781 633 1798 651 a
1821 624 1934 653 duobus
1951 626 2116 661 lateribas;
2138 627 2207 654 item

1247 673 1381 709 lpetiam
1397 674 1460 701 sive
1476 682 1615 710 eampum
1635 679 1710 702 terre
1729 676 1811 704 vinee
1825 678 1919 713 posite
1944 678 1972 705 in
1998 678 2139 706 vocabulo
2157 679 2209 707 At-

1248 725 1352 760 viani,
1373 726 1466 762 justa
1484 725 1592 764 [viam]
1613 736 1668 763 que
1695 728 1777 756 radit
1806 738 1907 758 versus
1933 731 2156 767 Iterampnam,
2183 736 2209 760 et

1247 778 1321 806 bona
1344 778 1461 806 ecclesie
1485 778 1594 807 Sancte
1617 780 1711 808 Marie
1733 781 1766 808 de
1790 782 1951 816 Μίίἰιιιιίας
1979 783 2046 811 item
2074 784 2205 812 medium

1247 831 1344 858 unius
1375 831 1476 868 campi
1504 832 1596 868 positi
1630 833 1658 860 in
1692 834 1830 862 vocabulo
1865 835 1973 863 Montis
2004 836 2090 871 Mati,
2115 838 2209 873 juxta

1246 882 1414 911 Johannem
1442 883 1634 919 Spaliadoris
1663 890 1688 912 et
1714 891 1840 914 montem
1865 896 1882 914 a
1909 888 2022 915 (luobus
2045 889 2208 924 lateribus,-

1246 935 1319 963 item
1344 943 1438 963 unam
1462 936 1575 972 petiam
1602 938 1685 965 vinee
1705 939 1833 974 positam
1857 940 1886 967 in
1914 942 2053 969 vocabulo
2070 942 2162 970 Macte
2184 947 2209 970 et

1241 987 1334 1023 juxta
1350 987 1475 1016 eundem
1491 988 1658 1017 Jolzannem
1676 990 1885 1020 ⁴llainartlum.

1208 1142 1432 1173 CCLXXIIII.
1453 1160 1493 1166 —
1516 1144 1584 1174 Hssc
1604 1154 1684 1175 SUNT
1706 1156 1850 1177 mamm
1877 1158 1938 1183 ουκ
1961 1160 2049 1180 mem
2075 1160 2210 1182 nomm-vs

1247 1205 1323 1225 PAPA
1339 1197 1591 1226 AstslNA'r113031.

1288 1302 1360 1331 Cum
1387 1303 1539 1332 occasione
1565 1306 1726 1340 potestat·ie
1753 1307 1890 1335 civitatis
1913 1308 2005 1336 Asisii
2034 1310 2113 1338 inter
2136 1311 2212 1347 ipsos

1247 1356 1326 1384 cives
1336 1364 1398 1384 non
1410 1357 1542 1385 minima
1554 1357 1707 1386 discordia
1720 1360 1759 1387 sit
1772 1365 1886 1390 etrorta.
1901 1367 2023 1398 propter
2035 1371 2126 1398 quam
2141 1363 2212 1400 (non

1247 1408 1411 1446 modicum)
1426 1409 1459 1437 de
1473 1409 1549 1438 dicte
1561 1411 1699 1440 civitatis
1713 1413 1806 1441 ruina
1822 1422 1879 1442 non
1900 1414 2048 1443 modicum
2068 1417 2213 1445 timeatur

1248 1470 1266 1490 a
1289 1462 1397 1490 multis
1418 1467 1443 1490 et
1468 1463 1611 1491 videatur
1637 1465 1745 1493 melius
1767 1466 1827 1502 ipsi
1853 1467 1975 1495 civitati
2001 1473 2070 1496 ante
2098 1474 2213 1506 tempus

1246 1523 1403 1543 occurrere
1432 1524 1523 1551 quam
1547 1521 1613 1552 post
1633 1518 1749 1545 emitum
1780 1518 1952 1554 vendicare,
1984 1521 2044 1557 ipse
2071 1521 2214 1551 dominus

1244 1575 1324 1604 papa
1342 1567 1375 1596 de
1392 1568 1491 1604 ipsius
1506 1569 1700 1598 ordinatione
1714 1572 1882 1607 potestatie,
1899 1573 2026 1608 judicis,
2047 1576 2214 1604 camerarii

1248 1625 1274 1648 et
1289 1621 1495 1655 tabellionum,
1517 1622 1558 1649 ita
1575 1622 1664 1650 duxit
1682 1623 1738 1660 ipsi
1754 1624 1876 1652 civitati
1892 1625 1923 1653 in
1939 1631 2090 1662 posterum
2106 1629 2213 1664 provi-

1247 1671 1326 1701 dere.
1352 1673 1525 1710 Precipiens
1542 1675 1643 1711 itaque
1664 1680 1690 1703 et
1715 1676 1866 1704 mandans
1888 1682 1919 1705 ut
1938 1687 2053 1715 semper
2070 1680 2122 1708 illo
2139 1685 2213 1708 tem-

1246 1734 1318 1762 pore
1333 1734 1390 1762 quo
1407 1732 1627 1755 consueverunt
1642 1728 1700 1756 sibi
1715 1729 1823 1765 eliyere
1838 1734 2008 1766 potestatem
2027 1737 2053 1759 et
2069 1733 2133 1761 aliu
2150 1735 2213 1770 offi-

1249 1779 1292 1807 tia
1323 1779 1499 1816 supradicta
1528 1782 1713 1809 conveniant
1740 1791 1821 1810 more
1850 1783 1936 1811 solito
1962 1789 1988 1812 et
2013 1785 2072 1812 sibi
2100 1786 2215 1823 eliqant

1248 1832 1384 1860 electores
1408 1833 1462 1869 qui
1486 1834 1550 1861 sine
1574 1834 1658 1862 omni
1681 1835 1791 1868 fraude
1816 1840 1842 1863 et
1867 1836 1932 1864 dolo
1957 1837 2065 1873 eliyere
2091 1838 2214 1868 debeant

1245 1890 1418 1922 potestatem
1438 1886 1482 1913 vel
1501 1891 1640 1914 rectorem
1659 1891 1684 1914 et
1700 1887 1777 1915 alios
1797 1888 1998 1925 supradictos,
2017 1891 2071 1926 qui
2086 1891 2147 1919 sint
2163 1900 2214 1920 ca-

1251 1938 1354 1966 tholici
1380 1942 1405 1966 et
1424 1937 1524 1973 fideles
1550 1938 1681 1967 Romane
1705 1940 1832 1974 ecclesie,
1855 1950 1927 1977 quos
1949 1951 2138 1979 nequaquam
2163 1944 2214 1972 de-

1248 1991 1334 2019 beant
1350 1991 1505 2027 publicare
1520 1996 1684 2027 antequam
1704 2001 1808 2020 eorum
1824 1994 1994 2023 electionem
2016 2001 2216 2032 representem

1248 2043 1371 2071 domino
1381 2051 1457 2080 pape
1473 2043 1498 2071 si
1512 2044 1569 2071 erit
1587 2044 1617 2071 in
1636 2044 1748 2073 ducatu
1766 2046 1809 2073 cel
1822 2047 1903 2074 circa
1916 2053 2017 2083 partes
2034 2049 2124 2085 ipsas,
2141 2051 2214 2078 alio-

1248 2095 1322 2132 quin
1340 2096 1447 2123 rectori
1461 2095 1589 2124 ducatus
1600 2097 1740 2133 predicti,
1757 2098 1796 2126 ad
1809 2100 2004 2135 optinendam
2020 2101 2054 2129 de
2070 2102 2134 2138 ipsa
2146 2103 2215 2131 elec-

1251 2148 1330 2176 tione
1347 2148 1609 2184 confirmationem
1627 2150 1662 2177 ab
1679 2150 1758 2186 ipso,
1778 2156 1805 2179 et
1822 2160 1855 2179 ea
1873 2152 2053 2188 confirmata
2072 2162 2215 2190 pronun-

1250 2201 1324 2228 tient
1340 2209 1405 2228 eam
1420 2201 1611 2237 postmodum
1628 2203 1793 2231 secundum
1814 2205 2060 2233 consuetudinem
2081 2207 2217 2235 civitatis

1249 2252 1393 2289 ejusdem.
1411 2253 1445 2281 Si
1462 2262 1528 2282 vero
1544 2255 1705 2283 convenire
1721 2264 1780 2284 non
1798 2261 1940 2293 poterunt
1962 2259 1993 2286 in
2014 2259 2152 2287 electione
2166 2260 2216 2295 sa-

1249 2306 1357 2334 cienda
1373 2306 1491 2341 ibidem,
1509 2307 1652 2336 accedant
1667 2310 1818 2345 recepturi
1829 2315 2001 2346 potestatem
2019 2316 2045 2339 et
2060 2312 2137 2340 alios
2152 2312 2216 2348 offi-

1249 2358 1338 2386 tiales
1352 2358 1502 2395 predictos
1517 2359 1550 2388 de
1568 2369 1662 2389 manu
1675 2361 1881 2398 predictorum
1900 2363 2108 2398 dominorum,
2124 2370 2217 2402 prout

1248 2412 1391 2448 superius
1409 2416 1590 2441 annotatur.
1606 2413 1643 2442 Et
1657 2414 1687 2445 si
1699 2419 1803 2443 contra
1817 2416 1987 2452 predictam
2003 2417 2135 2452 formam
2155 2419 2216 2447 ali-

1249 2463 1324 2500 quid
1351 2466 1579 2501 attemptaverit
1609 2468 1815 2496 communitas
1843 2469 2036 2506 supradicta,
2064 2472 2217 2509 subjaceat

1250 2517 1577 2546 excommunicationis
1600 2527 1674 2555 pene
1699 2524 1725 2548 et
1750 2520 1919 2549 lucensium
1947 2532 1969 2551 M
1996 2524 2163 2561 librarum⁴
2191 2531 2217 2555 et

1250 2568 1385 2597 electores
1396 2574 1498 2606 preter
1515 2571 1612 2607 ipsam
1622 2580 1733 2608 penam
1751 2576 2078 2606 excommunicationis
2090 2579 2218 2615 quilibet

1251 2629 1355 2650 eorum
1369 2622 1404 2651 in
1419 2631 1529 2659 penam
1543 2632 1558 2652 c
1573 2624 1725 2654 librarum
1741 2626 1909 2656 lucensium
1924 2630 2009 2658 curie
2023 2635 2171 2667 teneatur,
2189 2637 2217 2662 et

1250 2673 1334 2702 electi
1348 2675 1375 2702 si
1392 2677 1616 2712 acceptaverint
1630 2678 1694 2706 sint
1713 2681 2005 2711 esccomztnicationis
2022 2684 2144 2714 vinculo
2166 2687 2216 2715 in-

1250 2726 1356 2755 nodati
1375 2732 1401 2756 et
1426 2728 1505 2765 quod
1523 2730 1639 2765 factum
1659 2731 1755 2765 fuerit
1774 2741 1828 2769 per
1850 2734 1927 2770 ipsos
1943 2744 1999 2772 pro
2024 2737 2139 2766 nichilo
2159 2739 2217 2767 ha-

1250 2779 1367 2808 beatur.

1246 2956 1270 2980 1.
1290 2954 1361 2982 Date
1376 2955 1544 2989 inoffi-taine,
1563 2959 1740 2992 posterieure
1752 2962 1768 2986 ἐι
1784 2961 1861 2988 1198.
1872 2977 1908 2982 -
1919 2962 2090 2999 Ηὲὲἰεῐῃοῃῑ
2102 2967 2214 3002 impos&

1209 3011 1260 3038 par
1275 3004 1300 3030 le
1316 3012 1388 3039 pape
1404 3006 1419 3031 a
1435 3005 1461 3031 la
1476 3013 1629 3033 commune
1645 3007 1790 3035 d'Assise.
