2392 3571
666 362 717 392 LE
740 361 885 391 LIBER
906 358 1139 391 CENSUUM
1163 358 1217 388 DE
1240 352 1425 388 L'EGLISE
1447 356 1656 387 ROMAINE.
2142 353 2198 384 587

159 429 235 456 Petri
251 437 285 457 ac
301 429 428 464 predicte
452 429 530 456 sedis
549 428 739 458 assumimus,
755 427 790 453 ab
811 426 889 453 omni
905 425 1120 461 jurisdictione,

158 482 300 513 potestate
315 486 347 505 ac
359 477 486 504 dominio
502 477 658 511 cujuslibet
671 476 771 511 prelati
787 483 839 502 seu
856 473 1051 501 ecclesiastice
1062 481 1124 508 per-

160 534 230 554 sone
256 526 330 553 illam
357 534 422 552 cum
447 525 554 560 capella
577 525 670 552 sancti
695 523 773 550 Petri
798 523 832 549 de
857 522 971 557 Scoppo
997 521 1124 556 predicte

159 575 294 607 diocesis,
311 583 366 609 que
382 574 540 600 membrum
557 573 650 608 ipsius
665 573 769 604 extitit,
785 576 813 598 et
828 572 891 598 aliis
906 572 971 605 ejus
987 569 1124 597 membris

158 623 282 650 totaliter
303 629 331 648 et
355 626 493 657 perpetuo
519 621 697 651 eximentes,
721 621 760 646 ita
779 619 856 654 quod
878 619 974 646 nullus
998 619 1125 654 prelatus

160 672 292 706 nullaque
308 671 361 698 alia
378 678 501 705 persona
521 669 719 696 ecclesiastica
739 670 815 695 illam
835 668 971 703 capellam
987 676 1020 694 ac
1034 675 1125 694 mem—

159 721 210 747 bra
233 720 361 755 predicta
383 723 480 754 utpote
502 726 622 753 prorsus
644 722 777 752 exempta
796 717 840 743 vel
865 724 1002 752 personas
1025 724 1125 743 eorum

159 768 340 799 interdicere,
357 767 536 802 suspendere
550 767 593 792 vel
608 766 858 793 excommunicare
872 766 972 796 valeat,
990 768 1038 791 aut
1054 772 1126 799 quo-

159 825 282 852 cumque
304 816 386 842 modo
406 815 478 842 alias
498 816 525 841 in
547 814 709 845 ecclesiam,
730 814 866 848 capellam
883 819 911 840 et
927 813 1044 839 menbra
1058 821 1127 848 pre-

159 866 215 892 fata
229 870 257 892 et
274 872 413 900 personas
435 865 564 898 ipsorum
583 866 752 897 potestatem
769 863 812 888 vel
826 862 1059 896 jurisdictionem
1074 861 1127 887 ali-

159 922 243 948 quam
261 921 407 944 exercere,
426 912 559 946 nullaque
582 919 705 946 persona
727 911 819 945 possit
841 911 868 936 in
891 909 990 936 eadem
1005 909 1128 936 ecelesia

159 964 222 989 sine
237 962 356 997 speciali
373 961 504 988 mandato
518 960 641 987 Romani
652 959 796 994 pontificis
809 959 944 993 ordinari,
961 963 989 984 et
1000 959 1025 984 si
1041 966 1128 985 secus

160 1016 360 1047 presumptum
377 1011 462 1037 fuerit
477 1011 514 1036 sit
530 1010 658 1041 irritum,
671 1017 796 1035 vacuum
813 1012 840 1034 et
856 1008 949 1035 inane.
967 1007 1128 1034 Statuimus

161 1062 280 1096 insuper
306 1065 335 1086 ut
360 1062 516 1094 proventus
537 1057 668 1093 ejusdem
691 1058 813 1084 ecclesie
834 1057 862 1083 in
889 1057 1128 1083 sustentationem

161 1112 289 1146 ipsorum
313 1110 426 1136 illorum
451 1116 526 1143 quos
556 1107 706 1134 Romanus
730 1107 856 1141 pontifex
883 1106 917 1132 ad
945 1105 1128 1132 serviendum

162 1159 222 1186 Deo
239 1158 310 1185 inibi
325 1157 474 1193 deputabit
496 1162 523 1183 et
539 1157 624 1182 etiam
644 1155 673 1182 in
690 1155 761 1182 alios
778 1163 850 1181 usus
870 1158 955 1189 prout
975 1154 1009 1180 de
1031 1157 1129 1180 nostro

162 1214 190 1235 et
204 1215 410 1235 successorum
432 1210 595 1233 nostrorum
620 1204 795 1239 processerit
815 1203 992 1238 beneplacito
1009 1210 1129 1229 conver-

161 1262 266 1288 tantur,
283 1257 362 1283 salvo
378 1263 467 1282 censu
483 1263 578 1281 annuo
594 1255 621 1280 in
638 1261 696 1288 quo
712 1253 787 1280 dicta
803 1253 925 1279 ecclesia
937 1256 1053 1278 tenetur
1068 1260 1130 1278 mo-

163 1306 286 1332 nasterio
309 1304 485 1338 supradicto.
511 1302 598 1336 Nulli,
622 1307 649 1328 et
665 1306 794 1329 cetera...
820 1305 917 1328 nostre
938 1300 1130 1336 exemptionis

161 1359 189 1381 et
218 1353 451 1387 constitutionis,
483 1356 512 1378 et
539 1356 644 1379 cetera.
674 1351 704 1378 Si
733 1351 797 1386 quis
826 1356 937 1382 antem,
966 1354 994 1376 et
1023 1354 1127 1377 cetera.

162 1403 266 1430 Datum
291 1401 365 1437 apud
393 1401 649 1432 Urbemveterem,
675 1399 733 1426 1111
758 1408 824 1425 non.
850 1399 1028 1431 novembris,
1056 1407 1130 1425 anno

161 1453 301 1479 secundo.

132 1605 330 1640 [CCCXLIVJ.
354 1621 386 1624 —
410 1605 552 1631 Exaurrto
571 1612 695 1631 nonnum
716 1611 749 1629 ns
771 1602 954 1630 pannose...
976 1613 991 1629 Α
1012 1611 1131 1629 :caime-

163 1663 243 1682 'noxe
259 1654 398 1681 CthTA'l’ls
414 1653 548 1680 CASTELM
562 1657 580 1678 ¹.

201 1756 335 1782 Clemens
360 1756 515 1790 episcopus
540 1763 644 1781 servus
669 1762 818 1780 servorum
849 1753 901 1779 Dei
931 1753 1043 1780 dilectis
1068 1753 1134 1780 filiis

167 1806 310 1832 universis
327 1804 491 1830 hominibus
507 1803 542 1829 de
558 1803 642 1829 Petra
659 1802 755 1837 Longa
769 1803 889 1829 salutem
906 1807 933 1828 et
947 1802 1133 1837 apostolicam

166 1853 406 1879 benedictionem.
422 1851 507 1878 Cives
522 1850 653 1878 Civitatis
668 1850 793 1883 Castelli,
815 1851 976 1877 devotionis
991 1851 1057 1877 olim
1074 1851 1134 1885 spi-

167 1903 251 1928 ritum
279 1902 494 1936 pretendentes,
518 1901 552 1927 ad
581 1905 678 1926 nostra
696 1904 723 1926 et
747 1900 869 1926 ecclesie
890 1899 1018 1925 Romane
1043 1899 1135 1925 redire

168 1951 298 1987 mandata
321 1956 349 1976 et
371 1950 406 1976 de
428 1950 484 1976 illis
508 1949 696 1976 observandis
719 1950 908 1984 prestiterunt
928 1957 979 1983 per
994 1948 1136 1983 speciales

167 2000 295 2026 sindicus
313 2001 478 2034 juramenta
501 2003 529 2024 et
550 1998 669 2032 insuper
691 2001 746 2024 tam
768 2001 895 2023 vestrum
912 2006 997 2031 quam
1013 1997 1136 2031 quedam

167 2049 220 2075 alia
243 2053 337 2075 castra
355 2048 438 2074 nobis
455 2056 505 2082 pro
523 2047 706 2074 cautionibus
727 2047 862 2073 exhibere
883 2050 1030 2073 curarunt.
1053 2046 1136 2073 Unde

169 2106 234 2124 cum
251 2098 304 2132 ipsi
327 2098 406 2123 cives
425 2096 543 2131 predicti
562 2097 727 2130 juramenta
751 2099 856 2121 temere
878 2095 1022 2126 violarint,
1046 2095 1137 2121 adim-

169 2146 246 2181 plere
264 2145 399 2172 nonnulla
414 2145 547 2171 mandata
564 2149 661 2171 nostra
677 2152 733 2179 que
757 2144 829 2179 ipsis
845 2144 967 2170 fecimus
987 2147 1137 2179 contemp-

170 2199 270 2221 nentes
293 2198 322 2220 et
337 2195 492 2221 nonnullos
509 2202 608 2220 eorum
632 2194 767 2219 concives
783 2193 816 2218 de
837 2193 951 2219 civitate
968 2193 1093 2227 predicta
1109 2194 1137 2219 in

171 2244 294 2270 ecclesie
310 2243 438 2278 predicte
451 2246 647 2277 contemptum
662 2243 799 2276 ejecerint
815 2250 847 2267 ac
859 2242 975 2276 insuper
986 2241 1137 2275 quamdam

168 2292 412 2319 Theotonicorum
439 2291 604 2318 masnadam
631 2291 734 2317 ibidem
757 2292 916 2325 receperint
938 2294 1071 2323 tanquam
1094 2289 1139 2324 ip-

169 2341 231 2368 sius
247 2341 376 2368 Ecclesie
392 2340 563 2375 proditores,
583 2348 634 2366 nos
651 2339 814 2373 hujusmodi
833 2347 931 2364 eorum
949 2338 1138 2372 proditionem

171 2394 200 2416 et
230 2390 386 2424 nequitiam
410 2389 592 2415 attendentes
617 2388 775 2422 predictum
801 2391 926 2413 castrum
953 2390 1080 2412 vestrum
1105 2386 1140 2412 ad

171 2439 335 2466 demanium
352 2442 380 2465 et
396 2439 599 2474 proprietatem
618 2437 748 2472 ejusdem
773 2437 895 2463 ecclesie
918 2443 1096 2468 revocamus,
1112 2439 1140 2462 et

171 2496 224 2514 vos
239 2487 273 2514 ab
289 2486 457 2514 eorumdem
473 2486 580 2513 civium
594 2490 621 2512 et
637 2485 763 2512 civitatis
780 2484 980 2518 jurisdictione
1004 2484 1140 2510 duximus

171 2536 351 2563 eximendos.
367 2535 508 2567 Quocirca
524 2534 669 2561 devotioni
687 2537 781 2560 vestre
798 2542 846 2568 per
863 2532 1018 2567 apostolica
1034 2533 1140 2567 scripta

171 2585 292 2611 firmiter
307 2584 494 2619 precipiendo
510 2583 680 2610 mandamus
691 2583 826 2617 quatinus
838 2581 946 2608 eisdem
959 2581 1072 2607 civibus
1084 2589 1140 2607 non

173 2633 331 2660 intendatis
354 2633 477 2659 ulterius
501 2640 554 2658 nec
576 2632 604 2658 in
627 2631 722 2666 aliquo
738 2630 877 2666 pareatis,
895 2634 937 2656 set
958 2630 1054 2664 potius
1068 2629 1141 2664 ipsis

172 2685 317 2717 tamquam
333 2682 456 2709 ecclesie
473 2681 599 2716 predicte
621 2679 815 2715 proditoribus
838 2679 906 2706 totis
926 2678 1036 2704 viribus
1051 2678 1141 2705 resis-

178 2864 201 2890 1.
219 2863 347 2894 Viterbe,
364 2863 380 2889 2
397 2863 466 2888 avril
486 2862 560 2889 1267.
577 2875 613 2881 —
627 2860 665 2886 Le
682 2868 754 2895 pape
769 2859 898 2886 Clement
911 2859 949 2885 IV
964 2859 1102 2885 soustrait
1117 2858 1143 2884 la

1240 428 1299 451 tere
1309 423 1479 458 procuretis.
1493 422 1595 449 Datum
1607 422 1736 454 Viterbii,
1750 422 1806 449 1111
1819 431 1885 449 non.
1897 422 2005 456 aprilis,
2018 421 2199 456 pontificatus

1241 470 1331 497 nostri
1345 478 1419 497 anno
1435 471 1533 497 tercio.

1209 636 1390 671 [CCCXLVJ.
1415 652 1448 655 —
1472 636 1611 663 Exsnrrto
1635 645 1757 664 nomxcn
1779 646 1812 663 ne
1835 635 2023 663 Cisratttosz
2046 646 2061 662 A
2082 644 2199 662 suntme-

1241 693 1321 712 ·riose
1336 684 1475 712 ewinus
1491 684 1624 712 Casum
1637 688 1656 711 ¹.

1278 786 1411 813 Clemens
1435 786 1590 820 episcopus
1615 794 1717 812 servus
1742 794 1889 812 servorum
1918 785 1971 812 Dei
2001 785 2111 811 dilectis
2135 785 2202 811 filiis

1245 835 1387 861 universis
1403 833 1568 860 hominibus
1588 834 1622 860 de
1642 833 1812 860 Castellione
1832 834 1952 860 salutem
1970 838 1997 859 ct
2016 833 2200 867 apostolicam

1244 882 1484 909 benedictionem.
1497 880 1581 907 Cives
1590 880 1719 908 Civitatis
1730 881 1854 913 Castelli,
1866 881 2026 907 devotionis
2042 881 2107 906 olim
2119 881 2201 915 spiri-

1243 935 1303 957 tum
1321 930 1531 965 pretendentes.
1544 930 1577 956 ad
1593 934 1689 956 nostra
1701 935 1727 955 et
1745 930 1866 956 ecclesie
1880 929 2007 955 Romane
2023 929 2113 955 redire
2126 937 2205 955 man-

1245 979 1308 1005 data
1321 983 1349 1004 et
1365 978 1398 1004 de
1419 978 1475 1004 iilis
1490 977 1677 1004 observandis
1695 978 1880 1012 prestiterunt
1896 985 1944 1012 per
1960 977 2098 1011 speciales
2114 977 2205 1003 sindi-

1245 1035 1296 1054 cos
1313 1029 1477 1062 juramenta
1496 1032 1524 1052 et
1546 1026 1664 1061 insuper
1684 1031 1739 1052 tam
1762 1032 1889 1052 vestrum
1912 1035 1996 1060 quam
2016 1026 2136 1060 quedam
2152 1026 2206 1052 alia

1245 1080 1338 1102 castra
1355 1075 1437 1102 nobis
1459 1083 1508 1109 pro
1531 1075 1712 1100 cautionibus
1727 1074 1863 1101 exhibere
1878 1079 2023 1100 curarunt.
2044 1073 2124 1100 Unde
2140 1082 2206 1100 cum

1246 1125 1301 1159 ipsi
1322 1124 1400 1150 cives
1424 1123 1549 1158 predicta
1570 1124 1731 1156 juramenta
1755 1127 1861 1148 temere
1886 1123 2030 1152 violarint,
2053 1122 2206 1156 adimplere

1248 1172 1382 1199 nonnulla
1397 1171 1527 1198 mandata
1544 1175 1640 1197 nostra
1661 1179 1716 1205 que
1737 1172 1808 1205 ipsis
1829 1171 1950 1196 fecimus
1971 1175 2207 1204 contempnentes

1247 1226 1275 1248 et
1292 1221 1443 1247 nonnullos
1456 1228 1556 1246 eorum
1571 1220 1706 1246 concives
1721 1220 1755 1245 de
1769 1220 1883 1246 civitate
1901 1219 2025 1254 predicta
2042 1220 2068 1245 in
2086 1219 2208 1245 ecclesie

1248 1271 1374 1306 predicte
1395 1274 1591 1304 contemptum
1613 1271 1761 1303 ejecerunt
1775 1276 1808 1294 ac
1824 1269 1942 1302 insuper
1958 1268 2099 1302 quandam
2115 1267 2209 1293 Theo-

1247 1321 1407 1347 tonicorum
1430 1319 1594 1344 masnadam
1611 1317 1716 1343 ibidem
1732 1318 1892 1352 receperint
1907 1321 2040 1350 tanquam
2055 1316 2146 1350 ipsius
2161 1323 2210 1342 ec-

1248 1369 1335 1396 clesie
1351 1367 1521 1404 proditores,
1540 1375 1591 1393 nos
1608 1366 1773 1401 huJusmodi
1792 1374 1890 1392 eorum
1908 1366 2096 1400 proditionem
2112 1370 2139 1390 et
2159 1373 2210 1390 ne—

1248 1418 1366 1453 quitiam
1375 1417 1556 1443 attendentes
1564 1416 1724 1450 predictum
1733 1419 1859 1442 castrum
1868 1419 1993 1440 vestrum
2003 1414 2036 1440 ad
2047 1414 2208 1439 demanium

1248 1471 1276 1493 et
1291 1466 1494 1502 proprietatem
1510 1465 1641 1499 ejusdem
1664 1463 1784 1490 ecclesie
1806 1471 1976 1489 revocamus
1996 1467 2024 1488 et
2045 1470 2096 1488 ros
2111 1463 2145 1487 ab
2162 1470 2211 1487 eo-

1250 1514 1379 1542 rumdem
1394 1514 1500 1540 civium
1524 1518 1551 1539 et
1572 1513 1697 1539 civitatis
1713 1511 1915 1546 jurisdictione
1931 1511 2067 1537 duximus
2084 1511 2211 1536 eximen-

1249 1564 1311 1590 dos.
1329 1563 1469 1595 Quocirca
1485 1562 1629 1588 devotioni
1647 1565 1741 1587 vestre
1764 1569 1813 1595 per
1831 1560 1986 1594 apostolica
2003 1565 2109 1593 scripta
2125 1559 2211 1585 firmi-

1250 1618 1291 1639 ter
1314 1617 1342 1638 et
1370 1610 1553 1646 precipiendo
1570 1612 1580 1628 ²
1609 1609 1778 1635 mandamus
1805 1609 1942 1642 quatinus
1964 1608 2072 1634 eisdem
2099 1608 2212 1633 civibus

1251 1668 1306 1687 non
1330 1660 1484 1686 intendatis
1509 1660 1628 1685 ulterius
1649 1666 1701 1684 nec
1721 1658 1748 1684 in
1770 1658 1864 1691 aliquo
1888 1657 2025 1690 pareatis,
2052 1661 2094 1682 set
2117 1657 2212 1691 potius

1250 1711 1322 1745 ipsis
1344 1714 1478 1744 tanquam
1502 1708 1624 1734 ecclesie
1651 1707 1776 1742 predicte
1798 1706 1992 1740 proditoribus
2015 1707 2083 1731 totis
2104 1705 2212 1731 viribus

1251 1759 1384 1785 resistere
1402 1758 1571 1792 procuretis.
1590 1756 1693 1782 Datum
1712 1755 1843 1785 Viterbii,
1860 1753 1916 1780 IIII
1933 1763 1999 1780 non.
2017 1754 2123 1788 aprilis,
2143 1762 2213 1788 pon-

1252 1808 1377 1834 tificatus
1393 1807 1482 1832 nostri
1498 1814 1572 1831 anno
1588 1806 1679 1830 tertio.

1221 1974 1416 2010 [CCCXLVIJ.
1432 1989 1467 1995 —
1481 1973 1597 2006 Quemm
1614 1980 1784 1999 nanneni-to
1799 1980 1882 1997 PACTA
1897 1979 1974 1996 ixi-en
1991 1978 2111 1997 noutxcu
2128 1977 2215 1995 parnt

1252 2033 1301 2051 pen
1318 2031 1530 2050 moenam-onan
1546 2030 1616 2050 sccii
1635 2030 1665 2047 ετ
1681 2021 1855 2047 ΗΑγκΑιῡῑΜ
1876 2028 1910 2045 οε
1931 2027 2029 2048 aocixo
2051 2027 2083 2044 οε
2103 2026 2215 2048 omnus-

1251 2081 1307 2100 ΒΑΜ
1322 2080 1429 2099 οΑεΤκιε
1439 2074 1461 2097 ³.

1289 2174 1321 2200 In
1346 2173 1460 2200 nomine
1484 2172 1591 2198 domini
1619 2171 1707 2197 nostri
1732 2170 1805 2196 Jesu
1828 2169 1951 2201 Christi,
1974 2177 2067 2195 amen.
2092 2167 2153 2194 Hoc
2172 2173 2217 2193 est

1255 2223 1417 2257 exemplum
1440 2221 1590 2255 cujusdam
1618 2219 1801 2246 instrumenti
1822 2218 1944 2244 confecti
1969 2225 2018 2251 per
2039 2224 2140 2242 manus
2158 2217 2218 2242 An—

1256 2272 1323 2298 dree
1349 2271 1492 2298 scriniarii
1517 2273 1615 2295 sancte
1639 2268 1768 2294 Romane
1793 2266 1915 2292 ecclesie
1940 2270 1967 2291 et
1991 2266 2064 2291 sacri
2090 2264 2218 2291 Laterani

1257 2321 1366 2356 palatii,
1385 2321 1469 2354 cujus
1486 2323 1566 2345 tenor
1587 2318 1650 2344 talis
1666 2322 1719 2343 est.
1742 2316 1772 2342 In
1800 2317 1913 2342 nomine
1932 2314 2061 2345 Domini,
2079 2323 2152 2340 anno
2169 2314 2220 2339 do-

1262 2512 1284 2538 1,
1302 2510 1429 2542 Viterbe‚
1446 2509 1461 2535 '2
1477 2508 1546 2534 avril
1566 2507 1640 2534 1267.
1660 2521 1691 2525 —
1708 2506 1747 2532 Le
1762 2513 1833 2540 pape
1849 2503 1977 2530 Clement
1989 2503 2030 2530 IV
2044 2505 2181 2530 soustrait
2196 2503 2221 2529 13

1222 2560 1334 2586 localite
1349 2558 1383 2584 de
1397 2557 1570 2591 Castiglione
1584 2558 1598 2581 3
1612 2556 1636 2581 13
1646 2555 1813 2589 juridiction
1827 2553 1862 2579 de
1875 2553 1948 2580 Citta
1963 2553 1989 2578 di
2003 2552 2136 2579 Castello.
2150 2559 2221 2586 pour

1223 2609 1265 2636 les
1281 2608 1377 2634 motit's
1392 2607 1515 2632 enonces
1531 2605 1602 2630 dans
1618 2604 1643 2630 la
1659 2604 1738 2638 piece
1753 2602 1935 2637 precedente.

1258 2657 1284 2684 Ξ.
1303 2656 1366 2684 eod.
1383 2653 1611 2690 perrecipiendo.

1260 2706 1284 2733 3.
1303 2705 1334 2731 18
1350 2703 1421 2730 avril
1438 2703 1515 2729 ¹157.
1527 2716 1561 2721 —
1571 2701 1704 2734 Echange
1717 2700 1752 2726 de
1766 2700 1790 2726 la
1802 2699 1899 2725 moitie
1909 2699 1943 2724 de
1955 2696 2221 2724 Mont-Saint-Jean

1224 2758 1322 2782 contre
1338 2753 1362 2779 13
1378 2751 1475 2778 moitie
1490 2750 1525 2776 de
1541 2748 1784 2776 Monte-Libretti.
1803 2746 1854 2773 Cet
1868 2751 1940 2778 acte,
1957 2747 2007 2781 qui
2022 2755 2038 2772 a
2054 2746 2116 2780 deja
2131 2746 2222 2780 figure

1224 2804 1289 2840 plus
1305 2803 1376 2829 haut
1391 2803 1433 2835 (n⁰
1447 2799 1572 2829 CV1111,
1591 2808 1618 2832 p.
1636 2797 1707 2830 39⁶2),
1720 2801 1763 2823 est
1777 2797 1812 2823 ici
1826 2795 1981 2831 reproduit,
1997 2803 2064 2821 avec
2081 2803 2117 2820 un
2133 2794 2222 2829 grand

1225 2853 1342 2880 nombre
1367 2851 1401 2876 de
1426 2850 1517 2876 fantes
1528 2870 1534 2882 ‚
1559 2848 1670 2882 d'apres
1699 2855 1753 2872 une
1779 2845 1860 2880 copie
1885 2846 2022 2870 execute'e
2048 2844 2072 2869 le
2099 2843 2131 2869 ’28
2156 2851 2223 2877 sep-

1225 2902 1333 2930 tembre
1360 2900 1441 2931 1158,
1465 2900 1480 2924 3
1504 2897 1635 2932 Anagffi,
1657 2904 1706 2931 par
1728 2895 1753 2921 le
1776 2894 1884 2921 notaire
1907 2893 2015 2919 Andre.
2038 2892 2117 2918 Cette
2141 2893 2223 2926 copie

1225 2951 1386 2978 elle-meme
1402 2958 1418 2974 a
1433 2950 1478 2974 ete
1497 2947 1674 2980 enregistre'e
1696 2945 1719 2970 le
1746 2944 1775 2971 13
1801 2942 1962 2977 septembre
1986 2941 2060 2968 1-251.
2086 2955 2120 2960 —
2143 2940 2223 2966 Cette

1225 2998 1428 3033 transcription
1445 3000 1489 3022 est
1503 2995 1537 3022 de
1554 2995 1578 3021 la
1594 2995 1685 3020 meme
1702 2992 1777 3019 main
1792 3000 1848 3026 que
1863 2991 1889 3017 la
1905 2991 2046 3016 suivante.

140 2912 252 2938 localite
265 2912 299 2938 de
314 2911 496 2945 Pietralunga
509 2912 524 2936 3
538 2910 562 2935 13
574 2908 739 2944 juridiction
753 2908 787 2934 de
801 2907 874 2933 Citta
888 2907 914 2933 di
929 2906 1061 2940 Castello,
1074 2907 1143 2933 dont

139 2961 181 2987 les
201 2961 344 2986 habitants
364 2964 414 2986 ont
434 2961 479 2985 ete
499 2958 628 2985 infideles
644 2965 679 2983 au
696 2955 891 2990 Saint-Siege.
909 2969 944 2975 —
963 2955 1042 2981 Cette
1064 2955 1143 2989 piece

140 3013 169 3036 et
185 3010 208 3036 la
226 3010 358 3036 suivante
373 3011 440 3034 sont
455 3008 489 3034 de
505 3008 530 3033 la
546 3007 638 3032 meme
654 3006 740 3032 main.
