2392 3571
141 346 197 374 530

182 410 299 438 domini
320 418 393 445 pape
414 413 438 435 el
461 407 577 435 ecclesie
595 407 724 433 Romane
743 414 797 441 pro
819 405 904 432 omni
924 405 1104 441 obligatione
1121 408 1145 431 et

181 464 247 497 jure
264 471 323 489 mro
338 470 372 489 «ῖς
388 461 481 488 libras
496 464 521 487 et
538 468 554 486 v
567 458 676 486 solidos
692 459 835 485 bonorum
855 458 1050 491 laccensium,
1071 457 1145 492 quia

182 516 244 542 alia
258 514 385 550 pecunia
401 521 455 548 que
470 511 680 539 continebatur
695 511 724 538 in
740 511 942 538 instrumento
953 514 1017 537 crat
1031 517 1124 537 usura
1135 520 1144 543 ,-

182 568 214 595 tle
231 567 339 603 quibus
358 574 409 593 nos
429 566 497 592 benc
518 564 632 599 quietos
652 571 801 597 coeamus,
821 568 847 590 et
867 563 1066 599 e.rc1‘ptionen‘1
1086 570 1146 589 non

183 623 339 647 numerate
360 627 409 645 scu
433 617 567 645 restitute
588 617 715 652 pecunie
738 615 844 643 amodo
864 624 1008 652 opponere
1029 623 1146 642 renuu-

183 674 306 701 tiamns.
327 676 352 697 el
371 678 487 698 omnem
512 670 607 697 aliam
631 669 830 705 acceptionem
856 668 912 704 ipsi
935 668 1057 696 domino
1071 676 1146 703 pape

182 731 206 754 et
227 725 342 753 ecclesie
367 724 495 751 Romane
519 723 702 750 nocituram.
725 722 778 749 Jus
799 730 867 749 vero
883 721 961 757 quod
977 725 1081 749 contra
1099 720 1147 748 (Io-

181 779 302 806 minum
320 786 428 813 papam
446 781 470 804 el
489 776 639 804 ecclesiam
658 776 822 803 Romanam
839 775 981 802 habemus
995 782 1049 810 pro
1068 774 1147 802 elicta

182 832 309 869 pecunia
329 835 354 858 et
379 830 472 857 micbi
491 829 641 866 competit,
661 829 742 856 nulli
757 828 825 856 decli
840 836 964 864 persone
982 835 1035 855 nec
1058 834 1148 854 man-

182 885 254 912 dari
272 885 333 912 sice
356 883 481 915 collusi;
505 882 553 909 sea
573 882 597 908 si
615 885 773 917 appareret
789 880 867 917 quod
889 880 945 908 ulli
960 888 1083 916 persone
1099 879 1149 907 de-

182 937 288 964 dissem
316 936 359 963 cel
379 934 603 968 alienarisscm,
623 942 709 961 omne
727 933 893 969 dampnum
912 932 990 968 quod
1005 932 1150 960 dominus

182 998 260 1027 papa
285 989 352 1017 inde
374 988 514 1016 habuerit
533 992 558 1015 et
582 988 748 1024 impensam
770 995 860 1023 quam
878 986 998 1021 fecerit,
1019 986 1051 1013 in
1075 985 1150 1013 meis

182 1043 265 1071 bonis
292 1042 348 1069 sibi
373 1042 441 1069 bene
463 1040 652 1077 placentibus
678 1039 848 1075 ubicunque
871 1039 990 1066 intrare
1022 1038 1150 1065 voluerit

184 1095 305 1123 nomine
321 1095 391 1121 bone
406 1093 533 1129 pleiarie
549 1097 722 1120 restaurare
732 1092 954 1128 promittimus.
971 1091 1026 1118 Pro
1042 1090 1150 1126 quibus

182 1157 250 1176 omn
258 1148 322 1175 ibus
337 1146 524 1183 supradictis
543 1145 736 1173 observandis
751 1144 920 1180 obtiyamus
937 1152 989 1171 nos
1005 1147 1030 1170 et
1048 1147 1149 1170 nostra

183 1202 256 1228 bona
269 1222 275 1233 ,
298 1204 323 1227 et
345 1199 451 1227 amodo
466 1198 590 1226 nomine
609 1197 726 1225 domini
746 1205 819 1233 pape
838 1201 864 1224 et
883 1196 1001 1224 ecclesie
1022 1196 1151 1223 Romane

183 1254 320 1290 precario
337 1257 433 1280 tenere
447 1251 636 1286 eonfitemur,
655 1250 744 1278 donee
757 1250 789 1277 a'e
802 1250 862 1277 hiis
878 1249 1018 1277 omnibus
1033 1257 1050 1276 a
1070 1248 1151 1275 nobis

182 1306 277 1341 fueri!
293 1305 350 1333 sibi
368 1304 514 1339 eonctiyne
529 1303 719 1338 satisfactum
731 1312 738 1330 .·
756 1307 781 1330 et
798 1302 832 1329 ab
849 1302 904 1329 bac
919 1301 992 1329 liora
1012 1301 1045 1328 in
1060 1304 1151 1327 antea

183 1358 326 1386 dominus
345 1365 422 1394 papa
445 1361 470 1384 et
492 1356 555 1392 ejus
570 1363 748 1383 successores
763 1354 860 1390 [alque
876 1353 996 1382 ecclesia
1017 1353 1150 1380 Romana

181 1412 244 1440 sint
260 1411 371 1443 securi,
390 1410 496 1445 quieti,
518 1408 692 1444 tranquilli,
711 1406 843 1443 pacifici.
861 1411 886 1434 et
904 1406 938 1433 ab
955 1405 1040 1433 omni.
1060 1405 1110 1432 lite
1127 1409 1152 1432 et

183 1464 334 1500 questione
358 1463 474 1489 remoti.
499 1460 682 1496 Suprailicta
708 1459 812 1486 omnia
835 1467 884 1493 eyo
903 1458 1001 1486 (lictus
1017 1458 1151 1485 Bonum-

184 1516 346 1544 eonsilium
369 1519 435 1541 rata
455 1514 604 1549 firmaque
626 1512 731 1539 nabere
742 1511 888 1547 promitto
900 1518 955 1546 per
972 1518 1016 1537 me
1032 1514 1057 1537 ct
1074 1517 1152 1537 ¹meos

183 1568 302 1595 heredes
316 1567 393 1594 robis
407 1565 573 1594 Crescentio
586 1568 610 1591 et
626 1564 772 1599 mayistro
784 1563 823 1590 Ph
833 1563 924 1599 ilippo
938 1562 1152 1598 recipientibus

182 1628 236 1657 pro
252 1619 374 1647 domino
391 1626 472 1655 papa
490 1622 515 1645 et
531 1617 596 1653 ejus
612 1616 828 1644 successoribus
845 1615 942 1651 adque
958 1614 1079 1642 ecclesia
1095 1614 1150 1642 Ro-

182 1681 286 1706 mana,
306 1677 330 1699 e!
347 1675 449 1700 contra
466 1678 524 1697 non
540 1669 650 1697 venire.
671 1668 752 1702 Quod
766 1668 793 1695 si
809 1672 913 1695 contra
929 1667 1090 1702 fecerimus
1106 1667 1152 1695 *vel

181 1727 208 1755 si
233 1726 365 1762 predicta
389 1724 525 1760 capitula
551 1723 654 1750 omnia
681 1722 765 1758 plene
791 1729 847 1749 non
876 1721 1150 1754 observaverimus,

181 1780 325 1816 promitto
342 1778 421 1806 vobis
442 1777 574 1812 leyitime
597 1774 818 1811 stipulantibus
838 1774 910 1802 clare
929 1778 955 1802 et
970 1774 1082 1802 solvere
1098 1781 1152 1809 pro

184 1833 306 1860 domino
327 1839 405 1867 papa
426 1834 451 1857 et
475 1829 596 1858 eeclesia
619 1828 754 1856 Romana
778 1827 906 1863 duplum
930 1826 1006 1854 tlicte
1023 1826 1152 1863 pecunie

183 1885 307 1913 nomine
323 1892 404 1920 pene,
424 1890 558 1918 penaque
574 1881 672 1909 soluta
688 1880 739 1908 hec
754 1884 839 1907 carta
854 1879 946 1915 firma
960 1883 1148 1915 permaneat.

186 1938 279 1970 Onam
300 1935 427 1964 scribere
447 1934 553 1970 rogavi
576 1933 696 1961 Petrum
722 1931 867 1960 Rainaldi
889 1932 1092 1959 scriniarium
1120 1931 1152 1959 in

186 1997 284 2017 mense
301 1993 325 2016 et
346 1988 392 2015 elic
406 1987 554 2023 predicta.
573 1986 679 2014 Actum
698 1985 729 2013 in
751 1984 867 2021 palatio
887 1984 1006 2012 domini
1024 1983 1152 2020 episcopi

183 2041 378 2075 Narniensis,
399 2048 500 2067 coram
519 2039 580 2075 ipso
602 2038 744 2075 episcopo.
768 2037 860 2065 Testes
876 2036 922 2064 liii
939 2040 1011 2064 sunt
1026 2037 1126 2072 royati
1142 2045 1152 2064 .-

222 2091 498 2122 .IacobusRainaldi
508 2091 540 2119 (te
550 2091 632 2118 Narn
641 2091 669 2118 ia
678 2098 773 2118 canon
781 2089 1043 2122 icusNarniensis,
1054 2089 1151 2123 testis;

223 2146 367 2182 Angelius
382 2144 415 2172 cle
434 2143 597 2172 Castilione
614 2142 646 2170 cle
661 2142 800 2175 sabinia,
820 2141 918 2175 testis,-

225 2197 442 2233 Boneinstqm'a
452 2196 550 2232 judex
563 2195 596 2223 de
612 2194 747 2223 Maliano
761 2193 794 2222 de
809 2193 947 2228 Sabinia,
972 2193 1070 2227 testis,-

224 2252 375 2280 Johannes
393 2249 540 2278 Guiolonis
553 2248 587 2275 de
606 2247 749 2281 Utrieulo,
772 2246 872 2281 testis,·

226 2303 381 2332 Donadeus
398 2301 588 2330 scriniarius
603 2300 637 2327 de
656 2299 800 2333 Utriculo,
822 2298 903 2326 testis
912 2309 921 2332 ‚-

225 2356 412 2385 Octavianus
427 2353 460 2382 dc
478 2353 622 2387 Utriculo,
644 2352 744 2387 testis,-

224 2408 375 2437 Johannes
394 2407 426 2435 de
444 2406 561 2439 Tibure,
582 2405 674 2433 testis.

225 2461 284 2498 Eyo
307 2461 413 2488 Petrus
436 2459 469 2488 de
490 2459 600 2488 Sancto
621 2458 691 2486 Poto
709 2457 760 2486 Dei
779 2457 884 2494 qratia
905 2460 1007 2485 sancte
1023 2456 1154 2485 Romane

186 2514 301 2543 ecclesie
311 2512 510 2545 scriniarius,
524 2515 648 2548 royatus
662 2510 740 2538 hanc
753 2509 907 2539 cartulam
916 2509 1046 2547 propria
1057 2517 1155 2538 manu

186 2566 305 2602 scripsi.

145 2695 220 2734 [13.]
235 2696 356 2725 Cartule
371 2696 594 2731 refutationum
610 2694 644 2723 cle
659 2694 753 2723 debito
773 2694 903 2723 Utriculi
920 2702 939 2722 α
954 2693 1155 2722 creditoribus

188 2748 221 2777 de
236 2748 355 2777 Narnia
369 2748 491 2777 domino
504 2756 580 2785 pape
595 2748 751 2784 factarum
763 2747 785 2775 ¹.

229 2839 265 2867 In
291 2840 415 2868 nomine
441 2839 574 2868 Domini.
595 2840 683 2867 Anno
706 2839 770 2875 ejus
793 2838 970 2867 nativitatis
991 2837 1155 2867 millesimo

188 2981 213 3006 1.
231 2980 328 3012 Nar-ni,
349 2982 379 3007 15
393 2982 460 3008 aaut
477 2981 555 3010 123⁴.
567 2995 598 3002 -
613 2981 765 3013 Quittauce
780 2981 815 3007 de
833 2980 957 3007 Berardo
968 2980 1153 3008 Tebalducei.

686 339 734 368 LE
760 339 902 368 LIBER
926 337 1159 367 CENSUUM
1184 336 1237 365 DE
1261 326 1448 365 L‘E'GLISE
1472 335 1682 365 ROMAINE.

1267 402 1454 436 CCXXXIIII,
1479 402 1644 430 inflictione
1665 402 1716 430 VII
1736 407 1760 430 et
1781 410 1862 430 anno
1884 403 1950 430 I‘III
1966 402 2162 439 pontificatus
2180 402 2233 431 do-

1271 456 1350 483 mini
1363 455 1499 491 Greyorii
1516 455 1601 483 I'IIII
1612 463 1699 491 pape,
1716 464 1813 483 mense
1824 460 1953 491 auyusto
1964 455 2012 483 die
2025 455 2082 483 XV.
2095 456 2154 491 Eyo
2168 455 2234 491 qui-

1268 508 1331 536 dem
1349 508 1500 536 Berarzlus
1513 507 1598 543 fitius
1611 507 1736 535 condam
1753 507 1939 536 Tebateluccii
1952 508 2028 535 civis
2038 508 2232 541 Narniensis,

1269 561 1324 589 hac
1352 561 1398 589 die
1419 561 1551 597 presenti
1573 561 1698 597 propria
1723 570 1786 589 mea
1807 561 1881 588 bona
1905 561 2057 589 voluntate
2081 561 2234 594 renuntio,

1270 614 1337 642 cetIo
1361 618 1386 642 el
1409 613 1519 641 mando
1540 614 1620 641 vobis
1641 613 1807 642 Crescentio
1827 613 1946 641 domini
1968 622 2042 649 pape
2062 613 2236 650 cappellano

1270 671 1294 694 el
1313 667 1458 702 magistro
1475 666 1615 702 Philippo
1630 666 1663 693 (ie
1683 666 1811 694 ceccano
1833 666 1942 694 nuntio
1964 665 2083 694 domini
2097 674 2172 702 pape
2188 674 2237 693 re-

1270 719 1452 756 cipientibus
1465 719 1680 755 procuratorio
1700 718 1820 746 nomine
1838 727 1894 755 pro
1913 719 2032 746 ecclesia
2057 718 2190 746 Romana
2210 721 2235 746 et

1270 772 1393 800 domino
1418 771 1558 808 Gregorio
1577 780 1696 799 summo
1716 771 1856 808 pontifice
1878 771 2000 807 ejusque
2020 771 2239 799 successoribus

1272 826 1302 853 vin
1322 829 1516 861 perpetuum,
1536 824 1673 852 videlicet
1689 824 1839 860 omncjus
1855 828 1879 852 ct
1896 824 2042 852 actionem
2061 824 2237 860 petitionem

1272 882 1471 914 conpetentem
1498 877 1592 905 michi
1614 882 1719 905 contra
1737 877 1887 905 ecelesiam
1906 877 2072 905 Romanam
2096 881 2121 904 et
2139 876 2238 904 ‹lomi-

1274 939 1345 959 num
1358 939 1469 967 papam
1483 931 1601 958 racione
1614 938 1628 958 c
1641 930 1811 966 noizayinta
1825 935 1849 957 el
1861 934 1922 957 octo
1934 930 2084 957 librarum
2099 934 2124 957 c!
2137 937 2181 957 vn
2192 936 2239 956 so-

1273 983 1404 1011 lidorum
1418 987 1442 1010 et
1453 982 1619 1010 dimidium
1634 982 1818 1010 lucrensium
1831 990 1905 1017 quas
1915 982 2059 1010 mutuavi
2070 981 2239 1010 communi-

1274 1037 1329 1064 lati
1343 1036 1376 1063 ‹lc
1387 1040 1483 1063 castro
1497 1034 1638 1064 Utri'culi.
1653 1035 1732 1062 sicut
1743 1039 1867 1070 apparet
1879 1042 1933 1070 per
1947 1034 2103 1070 publicum
2119 1034 2239 1062 instru-

1274 1093 1407 1116 mentum
1422 1088 1569 1123 scriptum
1587 1095 1641 1123 per
1658 1094 1782 1114 manum
1802 1086 1948 1114 Leonarali
1970 1086 2144 1120 scriniarii,
2163 1085 2242 1122 quod

1273 1140 1473 1169 cancellatum
1498 1139 1575 1167 cobis
1589 1147 1644 1175 pro
1661 1138 1785 1166 domino
1799 1147 1880 1175 papa
1897 1138 2002 1172 reddo,
2023 1143 2049 1166 et
2074 1139 2137 1175 ejus
2159 1137 2240 1167 dicta

1273 1193 1366 1220 deteri
1385 1192 1531 1228 precipio,
1558 1195 1591 1219 ut
1616 1190 1722 1218 amodo
1746 1191 1807 1218 vim
1838 1191 1882 1219 eet
1902 1191 1996 1219 robur
2020 1191 2143 1219 nullum
2163 1191 2242 1228 opti-

1276 1249 1365 1274 neant
1388 1249 1413 1272 et
1430 1244 1525 1272 michi
1548 1252 1606 1272 non
1629 1243 1795 1280 proficiant
1810 1248 1834 1271 ct
1853 1243 1976 1271 domino
1990 1253 2065 1281 pape
2083 1248 2108 1272 et
2126 1244 2242 1272 ecclesie

1273 1298 1404 1326 Romane
1426 1305 1485 1325 non
1508 1301 1644 1324 noceant.
1669 1296 1742 1325 Cedo
1765 1304 1880 1332 quoque
1905 1301 1930 1325 et
1958 1296 2066 1325 mando
2089 1296 2168 1325 uobis
2185 1304 2243 1333 pro

1273 1350 1396 1378 domino
1410 1358 1490 1386 papa
1506 1354 1532 1377 et
1547 1349 1667 1377 ecelesia
1686 1349 1819 1377 Romana
1837 1358 1939 1377 omnes
1956 1349 2089 1377 actiones
2106 1349 2198 1377 reales
2217 1352 2243 1378 et

1271 1402 1452 1439 personales,
1476 1402 1584 1430 tacitas
1602 1405 1628 1429 et
1650 1409 1814 1438 eoepressas,
1835 1401 1926 1429 utiles
1945 1406 1970 1429 et
1987 1401 2128 1435 directas,
2146 1401 2243 1429 michi

1273 1459 1459 1492 conpetentes
1475 1459 1581 1483 eontra
1598 1455 1734 1482 homines
1746 1454 1779 1482 de
1791 1458 1887 1482 castro
1906 1454 2036 1482 Utriculi
2053 1454 2086 1482 de
2102 1454 2197 1482 debito
2209 1454 2243 1482 ¹in

1274 1516 1331 1544 quo
1350 1508 1407 1544 ipsi
1424 1507 1603 1536 tenebantur
1621 1507 1727 1535 michi.
1754 1507 1838 1534 Hane
1863 1511 1966 1535 aulem
1988 1507 2200 1542 refutationem
2218 1510 2243 1535 et

1273 1561 1432 1589 cessionem
1456 1561 1534 1588 vobis
1548 1568 1604 1596 pro
1619 1560 1743 1587 domino
1756 1568 1836 1596 papa
1860 1564 1885 1587 ct
1907 1559 2027 1588 ecclesia
2045 1560 2178 1587 Romana
2195 1560 2244 1595 fa-

1274 1615 1329 1649 cio,
1355 1614 1429 1650 quia
1455 1613 1547 1649 liquet
1573 1613 1666 1641 michi
1687 1617 1821 1641 castrum
1847 1612 1978 1640 Utriculi
1999 1621 2067 1641 cum
2091 1620 2144 1640 suo
2166 1612 2244 1640 teni-

1275 1670 1374 1694 mento
1392 1671 1418 1694 et
1439 1666 1581 1694 omnibus
1600 1665 1795 1702 pertinentiis
1819 1665 1884 1693 suis
1900 1665 1939 1693 ud
1963 1665 2115 1694 ecelesiam
2136 1665 2244 1693 Roma-

1275 1728 1347 1747 nam
1362 1724 1388 1747 et
1404 1719 1564 1747 dominum
1581 1727 1695 1755 papam
1711 1718 1800 1754 pleno
1817 1718 1891 1754 jure
1909 1722 2052 1754 spectare,
2069 1722 2094 1746 et
2117 1717 2211 1754 recepi
2226 1725 2245 1745 a

1277 1772 1357 1800 vobis
1375 1771 1497 1800 nomine
1517 1771 1637 1799 (lomini
1650 1779 1727 1808 pape
1748 1775 1774 1798 et
1796 1771 1914 1799 ecclesie
1938 1771 2067 1799 Romane
2087 1779 2143 1807 pro
2161 1769 2246 1799 omni

1275 1824 1455 1861 obtiyatione
1475 1828 1500 1852 et
1518 1825 1591 1860 jure
1607 1832 1670 1852 meo
1689 1831 1704 1852 c
1722 1824 1882 1859 seccayinta
1906 1827 1964 1851 tres
1987 1823 2081 1851 libras
2096 1827 2121 1850 et
2137 1827 2246 1860 septem

1274 1877 1385 1905 solidos
1400 1881 1425 1905 et
1439 1876 1608 1904 dimidium
1620 1877 1766 1904 bonorum
1779 1876 1977 1909 laccensium,
1991 1876 2065 1912 quia
2081 1875 2144 1903 alia
2159 1883 2246 1912 pecu-

1277 1930 1330 1958 nia
1347 1938 1403 1966 que
1418 1929 1631 1958 continebatur
1644 1929 1679 1957 in
1698 1929 1901 1956 instrumento
1916 1932 1980 1956 erat
1994 1936 2109 1962 usura,·
2125 1927 2159 1955 de
2175 1927 2247 1964 qui-

1276 1983 1329 2010 bus
1347 1991 1391 2010 nie
1407 1982 1475 2010 bene
1493 1983 1631 2018 quietum
1651 1990 1728 2012 coca,
1746 1986 1772 2009 et
1787 1981 1989 2018 exceptionem
2006 1989 2067 2009 non
2086 1984 2246 2009 numerate

1273 2035 1401 2072 pecunie
1416 2035 1523 2063 amodo
1534 2035 1676 2071 obponere
1688 2034 1842 2069 renuntio,
1859 2038 1885 2062 et
1898 2042 2017 2062 omnem
2030 2033 2127 2061 aliam
2143 2041 2247 2070 eoecep-

1277 2088 1387 2116 tionem
1412 2088 1470 2124 ipsi
1488 2087 1606 2116 ecclesie
1626 2087 1756 2115 Romane
1774 2091 1799 2114 et
1822 2086 1944 2114 domino
1963 2094 2039 2123 pape
2059 2086 2244 2114 nocituram.

1244 2140 1249 2141 ⁷
1275 2141 1330 2169 Jus
1352 2149 1420 2168 vero
1441 2140 1521 2177 quod
1542 2144 1649 2168 contra
1669 2139 1829 2168 dominum
1844 2147 1955 2176 papam
1980 2143 2006 2167 et
2022 2139 2175 2167 ecclesiam
2191 2138 2247 2166 Ro-

1277 2201 1404 2221 manam
1423 2192 1514 2221 habeo
1526 2201 1582 2230 pro
1601 2192 1682 2220 dicta
1695 2191 1828 2228 pecunia
1844 2196 1869 2219 et
1885 2191 1982 2219 michi
1996 2191 2145 2228 competit,
2165 2190 2248 2218 nulli

1276 2246 1345 2274 dedi
1360 2254 1485 2283 persone
1502 2253 1555 2273 nec
1571 2244 1721 2273 mandavi
1743 2244 1805 2273 sive
1827 2244 1954 2279 cottusi;
1973 2243 2022 2272 sed
2040 2244 2067 2272 si
2091 2244 2248 2280 abpareret

1277 2298 1356 2335 quod
1371 2298 1431 2326 ulti
1444 2306 1567 2335 persone
1592 2297 1737 2326 dedissem
1759 2297 1804 2325 oet
1823 2296 2051 2325 mandavissem
2070 2296 2133 2324 sive
2150 2295 2248 2325 collu-

1277 2351 1398 2384 sissem,
1418 2358 1505 2378 omne
1521 2350 1691 2388 dampnum
1710 2349 1789 2386 quod
1811 2348 1954 2377 dominus
1972 2356 2055 2386 papa
2076 2353 2102 2376 et
2125 2348 2248 2378 ecclesia

1277 2403 1412 2432 Romana
1436 2402 1507 2431 inde
1529 2402 1692 2431 habuerint
1718 2406 1744 2430 ct
1766 2402 1928 2438 inpensam
1948 2409 2042 2438 quam
2055 2401 2192 2436 fecerint,
2212 2400 2248 2429 in

1278 2456 1353 2484 meis
1371 2455 1456 2484 bonis
1479 2455 1538 2484 sibi
1556 2455 1624 2483 bene
1643 2454 1834 2491 placentibus
1862 2453 2037 2490 ubicunque
2057 2453 2178 2482 intrare
2194 2461 2248 2482 vo-

1279 2509 1395 2538 luerint
1418 2509 1541 2537 nomine
1556 2508 1627 2536 bone
1647 2507 1777 2544 pleiarie
1794 2505 1995 2545 restaur[ar]e
2007 2506 2164 2543 promitto.
2189 2506 2248 2535 Pro

1279 2561 1390 2599 quibus
1414 2561 1555 2589 omnibus
1581 2559 1769 2597 supradictis
1798 2557 1993 2587 observandis
2017 2558 2113 2596 obtiqo
2145 2567 2192 2587 me
2221 2562 2248 2587 et

1279 2622 1346 2643 mea
1363 2614 1449 2648 bona,
1470 2618 1496 2642 et
1512 2613 1620 2642 amodo
1642 2612 1766 2641 nomine
1784 2611 1905 2640 domini
1922 2619 1999 2648 pape
2016 2615 2043 2639 et
2059 2611 2177 2640 ecclesie
2191 2611 2248 2640 Ro-

1278 2675 1368 2696 mane
1391 2666 1532 2703 precario
1557 2670 1654 2694 tenere
1675 2664 1827 2701 confiteor,
1849 2663 1941 2693 donec
1965 2663 1999 2692 de
2024 2663 2086 2692 hiis
2109 2663 2249 2693 omnibus

1277 2719 1374 2755 fuerit
1389 2727 1408 2747 a
1422 2727 1468 2747 mc
1484 2718 1542 2747 sibi
1557 2717 1703 2755 condiyne
1720 2717 1913 2753 satisfactum
1921 2727 1932 2752 ;
1949 2720 1975 2745 et
1992 2715 2028 2744 ab
2044 2715 2099 2745 hac
2121 2716 2197 2745 hora
2212 2716 2248 2746 in

1279 2775 1370 2800 antea
1399 2770 1544 2799 dominus
1569 2778 1651 2808 papa
1677 2774 1704 2798 et
1730 2769 1853 2798 ecclesia
1877 2768 2014 2797 Romana
2045 2767 2108 2796 sint
2135 2768 2246 2803 securi,

1237 2933 1384 2965 Oreance,
1408 2933 1457 2961 198
1477 2933 1565 2959 livres
1585 2933 1599 2959 7
1621 2939 1692 2958 sous
1715 2931 1778 2966 1l23
1797 2938 1908 2958 somme
1927 2930 2067 2961 touchee,
2090 2929 2140 2957 173
2160 2930 2248 2957 livres

1237 2982 1252 3009 ’1
1269 2990 1341 3009 sous
1357 2982 1412 3017 ¹1²·
