2392 3571
139 340 195 369 588
680 339 729 367 LE
756 338 897 368 LIBER
918 336 1151 367 CENSUUM
1175 337 1228 366 DE
1252 328 1437 367 L’EGLISE
1460 337 1669 368 ROMAINE.

175 410 277 435 miniee
296 407 498 434 incarnationis
515 406 665 432 millesimo
682 404 820 435 CoLVHo,
841 414 916 432 anno
940 406 1022 432 tertio
1040 404 1134 438 ponti—

175 458 275 483 ficatus
291 456 396 482 domini
414 455 532 481 Adriani
549 454 604 480 1111
621 464 701 489 pape.
720 455 873 481 indictione
889 455 924 485 V,
943 464 1041 482 mense
1058 457 1133 490 apri-

174 507 207 532 lis
233 505 277 531 die
308 503 416 531 XVIII.
442 503 501 537 Ego
528 504 641 537 quidem
665 503 792 530 Ubaldus
819 505 957 537 presbiter
982 505 1133 532 cardinalis

174 553 343 579 venerabilis
360 553 432 579 tituli
450 557 547 578 sancte
563 551 664 578 Crucis
685 561 740 585 que
761 552 864 579 dicitur
879 552 1049 583 Jerusalem.
1068 562 1133 587 pro-

173 607 285 629 curator
300 601 405 627 domini
424 610 493 635 pape
507 601 633 633 Adriani,
646 610 680 627 ex
698 602 932 635 ipsius'mandato
946 607 973 628 et
988 607 1131 637 precepto,

173 652 200 677 in
218 651 360 685 presentia
379 650 498 684 Philippi
515 654 612 676 sancte
632 650 709 676 sedis
724 651 879 684 apostolice
897 652 1037 678 scriniarii
1049 651 1132 685 judi-

173 699 229 726 cis.
255 700 304 724 liae
328 698 372 724 die
397 699 509 732 propria
529 706 590 723 mea
607 698 751 724 voluntate
772 699 897 729 cambio,
917 704 1064 732 pei-muto,
1082 699 1132 726 tibi

172 747 317 781 Raynaldo
338 746 370 772 de
395 746 510 780 Aquino
530 747 644 780 tuisque
668 747 823 773 heredibus
843 756 875 774 ac
899 748 1130 781 successoribus,

171 805 203 822 ac
220 796 417 829 proprietatem
435 796 461 821 in
483 800 665 829 perpetuum,
688 795 751 822 ideo
768 795 947 822 medietatem
965 796 1132 823 munitionis

173 845 258 870 nnius
274 844 359 870 castri
376 843 449 877 quod
468 848 584 869 vocatur
600 843 682 869 Mons
693 843 936 871 sanctiJohannis
948 844 1023 870 sicut
1034 848 1130 871 sancte

172 894 299 920 Romane
315 893 436 918 ecclesie
454 893 574 926 pertinet
596 897 624 919 et
637 893 744 919 nostris
760 897 892 919 tenemus
909 894 1054 925 manibus,
1071 893 1130 920 dis-

170 943 252 968 tricto
266 946 293 968 et
308 942 416 976 placido
433 949 485 968 suo
502 950 566 968 cum
583 942 725 972 domibus,
743 942 838 973 terris,
856 943 956 972 vineis.
974 943 1064 974 silvis,
1082 952 1131 977 pa-

170 991 283 1017 ludibus
298 995 325 1016 et
343 990 483 1024 pantanis,
502 990 672 1016 molendinis
692 995 719 1016 et
741 998 805 1016 cum
824 991 959 1016 omnibus
981 991 1043 1016 suis
1066 999 1129 1025 per—

171 1039 312 1067 tinentiis,
348 1038 430 1072 positi
459 1038 601 1064 territorio
629 1038 818 1072 Campanino,
849 1039 925 1065 sicut
952 1040 1024 1065 inter
1061 1047 1130 1065 suos

168 1087 348 1114 concluditur
365 1087 446 1117 fines=
464 1088 539 1113 sicut
555 1087 670 1113 domino
691 1096 761 1121 pape
777 1091 805 1113 et
824 1092 921 1114 sancte
939 1087 1067 1114 Romane
1083 1096 1129 1114 ec-

169 1137 256 1163 clesie
282 1138 419 1170 pertinet.
445 1137 488 1161 sic
508 1136 557 1161 tibi
579 1136 679 1162 damus
704 1140 731 1161 et
754 1141 964 1170 permutamus:
991 1137 1036 1162 tali
1064 1145 1129 1163 vero

170 1191 267 1212 tenore
284 1189 310 1210 et
325 1185 488 1210 conditione
511 1189 540 1210 ut
561 1189 589 1210 tu
615 1185 656 1210 vel
678 1185 780 1218 aliquis
802 1185 921 1211 filiorum
945 1190 1057 1211 tuorum
1080 1186 1129 1219 qui

169 1235 300 1261 castriam
317 1238 414 1259 tenere
436 1233 520 1258 debet
547 1237 575 1258 et
595 1233 759 1267 quicunque
783 1238 907 1259 castrum
933 1238 1070 1268 perpetuo
1087 1238 1129 1260 te-

169 1283 263 1310 nuerit
284 1283 447 1308 fidelitatem
463 1286 491 1308 et
507 1282 665 1308 hominium
682 1282 773 1308 facere
789 1282 910 1309 debeant
926 1283 1040 1309 domino
1058 1291 1128 1318 pape

168 1332 295 1359 Adriano
312 1336 339 1357 et
355 1331 417 1358 suis
432 1331 581 1357 catholicis
597 1331 817 1357 successoribus
833 1336 860 1357 et
879 1336 977 1358 sancte
1002 1331 1129 1358 Romane

169 1381 299 1409 ecclesie.
323 1380 457 1413 adjuvare
483 1387 620 1413 personas
645 1384 757 1405 nostras
773 1383 801 1406 et
822 1388 871 1413 per
891 1381 983 1414 ipsum
1002 1384 1127 1406 castrum

166 1437 298 1463 guerram
315 1433 342 1454 et
359 1436 455 1462 pacem
474 1428 566 1453 facere
590 1433 686 1453 contra
708 1436 808 1453 omnes
830 1428 961 1454 homines
978 1432 1004 1454 et
1020 1428 1127 1454 servire

166 1477 281 1503 domino
306 1484 376 1511 pape
400 1480 427 1501 et
442 1476 662 1502 successoribus
679 1476 741 1502 suis
764 1479 791 1502 et
813 1480 912 1502 sancte
930 1476 1057 1502 Romane
1080 1485 1127 1503 ec-

165 1526 269 1556 clesie,
294 1525 369 1551 sicut
389 1533 422 1550 ex
444 1524 507 1550 aliis
526 1523 678 1557 Campanis
698 1524 852 1550 baronibus
871 1524 905 1550 ad
922 1524 1084 1551 mandatum
1101 1530 1128 1551 et

167 1578 334 1609 preceptum
353 1577 450 1598 sancte
468 1572 596 1598 Romane
614 1572 746 1599 ecclesie.
762 1572 796 1598 Et
812 1576 866 1598 tam
885 1578 913 1599 tu
929 1582 1013 1607 quam
1026 1574 1074 1600 filii
1086 1575 1128 1600 tui

167 1627 193 1649 et
210 1630 310 1648 ornnes
325 1622 370 1655 qui
390 1622 416 1646 in
433 1625 527 1647 castro
544 1624 651 1654 partem
669 1621 812 1647 habebunt
828 1621 967 1655 jurabunt
988 1622 1060 1656 ipsis
1078 1622 1127 1656 qui

165 1672 327 1698 fidelitatem
349 1672 518 1704 juraverunt
540 1669 654 1695 domino
678 1679 747 1704 pape
771 1670 845 1704 quod
872 1672 914 1697 eis
935 1675 1061 1697 castrum
1078 1680 1127 1706 per

166 1729 217 1745 vos
235 1721 276 1744 vel
295 1728 342 1754 pei·
360 1722 469 1744 vestras
485 1719 657 1744 summissas
674 1726 811 1753 personas
826 1728 879 1745 non
892 1720 1019 1746 auferent
1037 1729 1127 1754 neque

165 1769 199 1794 de
211 1771 275 1802 jure
293 1772 320 1794 et
336 1767 461 1793 dominio
476 1767 582 1793 domini
601 1776 670 1802 pape
687 1772 713 1793 et
734 1768 936 1794 catholicorum
962 1777 1078 1796 suorum
1101 1774 1128 1796 et

165 1822 263 1844 sancte
285 1817 411 1842 Romane
436 1816 556 1842 ecclesie
573 1817 756 1843 subtrahent:
779 1818 865 1843 immo
886 1818 909 1843 si
927 1819 1046 1844 ecclesie
1068 1818 1127 1845 Ro—

166 1875 247 1893 mane
271 1874 343 1900 opus
368 1865 453 1891 fuerit
478 1865 626 1890 absolvent
652 1866 782 1890 homiues
807 1871 918 1892 vestros
940 1866 974 1893 de
1000 1867 1126 1901 predicto

166 1920 259 1942 castro
275 1924 289 1940 a
304 1918 491 1946 sacramento,
504 1918 531 1939 et
547 1913 588 1939 eis
606 1915 762 1948 precipient
780 1918 808 1940 ut
823 1915 960 1948 adjuvent
976 1916 1126 1942 ecclesiam

169 1965 325 1990 Romanam
342 1971 406 1988 cum
421 1962 476 1988 illis
490 1963 537 1995 qui
555 1962 676 1988 ecclesie
693 1962 819 1988 Romane
834 1963 866 1988 dc
884 1963 1015 1990 fidelitate
1033 1969 1128 1990 tenen-

166 2019 219 2039 tur,
239 2012 319 2038 Hanc
341 2016 434 2037 autem
458 2011 694 2045 permutationem
718 2011 768 2037 tibi
792 2012 862 2037 facio
884 2014 949 2045 quia
970 2017 999 2039 tu
1024 2013 1125 2040 dedisti

165 2061 329 2096 supradicto
352 2061 465 2086 domino
497 2069 566 2094 pape
587 2064 613 2085 et
643 2061 703 2085 suis
729 2061 876 2087 catholicis
906 2062 1127 2088 successoribus

165 2116 194 2137 et
210 2114 306 2136 sancte
330 2109 457 2135 Romane
482 2108 602 2135 ecclesie
625 2108 803 2135 medietatem
825 2109 945 2136 duorum
966 2114 1125 2137 castrorum

166 2162 251 2185 unius
272 2158 409 2184 destructi
433 2162 460 2183 et
480 2157 598 2183 alterius
619 2157 721 2190 integri
741 2166 795 2191 que
817 2162 933 2184 vocatur
952 2158 1039 2185 Bricti
1060 2168 1125 2186 cum

164 2208 297 2234 omnibus
315 2207 507 2241 pei-tinentiis,
529 2206 604 2232 sicut
625 2207 652 2232 in
669 2210 743 2231 carta
761 2211 822 2232 acta
844 2216 891 2241 per
911 2208 1031 2234 eundem
1051 2209 1126 2235 scri-

166 2257 285 2282 niarium
302 2256 373 2281 facta
390 2255 552 2284 continent,
571 2258 599 2279 et
614 2254 647 2280 ab
665 2254 717 2280 hac
741 2255 833 2289 itaque
857 2256 924 2281 liora
940 2256 1081 2282 licentiam
1099 2261 1125 2283 et

166 2308 334 2340 potestatem
352 2304 458 2329 habeas
474 2307 503 2329 tu
524 2306 551 2328 et
573 2302 692 2328 heredes
714 2303 754 2328 tui
776 2303 802 2328 in
829 2304 952 2338 predicta
975 2305 1125 2332 medietate

164 2355 249 2381 castri
264 2353 398 2383 intrandi,
411 2351 536 2383 tenendi,
554 2351 674 2381 fruendi,
688 2352 852 2386 possidendi
870 2358 898 2379 et
909 2353 1029 2379 faciendi
1044 2355 1125 2388 quic-

164 2404 230 2437 quid
257 2401 403 2428 volueritis
423 2401 451 2426 in
468 2404 649 2435 perpetuum,
666 2400 823 2427 secundum
847 2402 922 2435 qnod
945 2407 1043 2429 sancte
1065 2403 1125 2430 Ro-

164 2460 244 2478 mane
260 2451 381 2477 ecclesie
397 2450 533 2484 pertinet‘,
551 2449 598 2475 tali
614 2449 727 2483 quidem
744 2449 906 2476 conditione
922 2455 951 2477 ut
969 2456 998 2478 tu
1013 2453 1055 2478 vel
1073 2453 1123 2479 he-

165 2501 246 2526 redes
266 2500 305 2525 tui
331 2498 510 2524 medietatem
536 2498 627 2532 ipsius
652 2498 737 2524 castri
764 2507 818 2525 non
844 2499 974 2526 vendetis
998 2509 1048 2527 nec
1070 2502 1124 2528 alio

165 2549 246 2575 modo
269 2547 431 2574 alienabitis
453 2547 538 2573 alicui
560 2554 681 2581 persone
704 2556 759 2581 que
784 2552 894 2574 morent
920 2549 991 2575 ultra
1016 2549 1123 2576 flumen

163 2598 311 2632 Ceperani,
329 2597 385 2622 nisi
408 2596 478 2622 forte
499 2595 572 2622 inter
593 2604 643 2621 vos
665 2596 689 2622 si
710 2597 780 2622 forte
801 2597 953 2631 aliquando
976 2599 1124 2625 volueritis

164 2653 271 2681 partem
284 2649 407 2670 vestram
419 2644 539 2670 alienare
553 2644 636 2670 alicui
649 2652 713 2670 cum
727 2645 861 2679 predictis
872 2647 1008 2673 oneribus
1017 2651 1044 2673 et
1054 2656 1124 2674 con-

164 2695 319 2720 ditionibus
341 2692 484 2723 alienetis;
507 2692 557 2718 sed
579 2693 657 2727 prius
678 2694 829 2727 requiretis
852 2694 998 2721 dominum
1024 2705 1123 2730 papam

164 2744 211 2776 qui
229 2751 277 2777 pro
293 2746 419 2776 tempore
434 2741 520 2767 fuerit
540 2745 568 2767 et
588 2746 714 2768 sanctam
731 2742 888 2769 Romanam
906 2744 1074 2776 ecclesiam;
1097 2750 1125 2772 et

164 2791 189 2816 si
210 2791 329 2816 voluerit
349 2797 443 2816 emere
461 2797 511 2824 pro
533 2798 570 2816 xx
592 2790 671 2816 libris
694 2791 837 2825 papiensis
860 2798 971 2818 monete
988 2793 1083 2820 minus
1099 2795 1124 2821 ei

165 2839 335 2866 concedent:
353 2838 427 2872 quod
444 2839 468 2864 si
488 2838 608 2865 noluerit
623 2847 727 2867 emere.
749 2845 817 2866 tunc
840 2840 961 2867 vendere
982 2843 1122 2875 poteritis,

165 2888 215 2914 sed
229 2888 351 2913 alienare
365 2887 450 2913 alicui
466 2895 586 2921 persone
602 2895 657 2921 que
675 2889 773 2914 merito
792 2898 845 2914 non
863 2890 900 2915 sit
916 2895 1050 2923 suspecta
1068 2891 1124 2917 Ro-

166 2944 246 2962 mane
262 2936 384 2961 ecclesie
399 2939 427 2960 et
441 2940 551 2961 morent
566 2943 600 2961 ex
675 2940 753 2969 parte
773 2936 899 2963 fluminis
916 2938 1065 2973 Ceperani,
1083 2944 1124 2965 ta-

166 2992 228 3010 men
241 2984 412 3018 supradictis
421 2983 556 3009 oneribus
567 2989 594 3009 et
603 2984 824 3011 conditionibus.
836 2985 917 3017 Quod
928 2987 950 3012 si
962 2991 1061 3014 contra
1071 2988 1123 3015 hec

1251 411 1306 437 que
1324 403 1448 438 predicta
1464 408 1532 430 sunt
1547 404 1674 438 quolibet
1691 404 1773 431 modo
1790 406 1886 431 venire
2000 410 2028 432 et
2043 411 2146 432 cuncta
2158 415 2214 441 que

1249 452 1323 478 dicta
1339 457 1407 478 sunt
1424 461 1478 478 non
1495 453 1755 485 observaverimus,
1773 458 1800 480 et
1815 454 1840 480 si
1856 462 1929 488 opus
1945 459 1973 480 et
1994 462 2113 481 necesse
2129 455 2215 482 fuerit

1250 505 1277 527 et
1293 501 1316 527 si
1332 510 1364 527 ca
1384 501 1537 528 defendere
1552 502 1729 529 noluerimus
1749 506 1799 529 aut
1815 511 1869 529 non
1887 504 2066 537 potuerimus
2087 507 2143 530 tam
2162 512 2214 531 nos

1249 557 1332 582 quam
1349 550 1438 576 nostri
1454 558 1641 576 successores
1656 555 1684 576 et
1699 554 1797 577 sancta
1811 550 1939 577 Romana
1953 551 2085 583 ecclesia,
2098 561 2215 586 compo-

1251 606 1352 624 namus
1375 598 1424 624 tibi
1452 598 1566 632 tuisque
1594 599 1747 625 heredibus
1772 608 1821 634 pro
1847 608 1919 634 pena
1935 608 1968 626 Lx
1993 600 2052 626 auri
2074 600 2170 631 libras,
2186 605 2214 627 et

1249 647 1343 673 solnta
1369 656 1440 681 pena
1467 647 1518 673 hec
1543 648 1762 682 permutationis
1788 652 1865 675 carta
1894 653 2030 683 perpetuo
2055 649 2213 675 secundum

1250 697 1335 722 istum
1353 699 1478 722 tenorem
1497 696 1575 722 firma
1595 701 1766 730 permaneat.
1784 696 1875 729 Quam
1887 698 2051 731 rogavimus
2067 697 2212 724 Andream

1249 745 1429 771 scriniarium
1442 750 1540 771 sancte
1554 745 1680 771 Romane
1691 746 1813 772 ecclesie
1825 749 1854 772 et
1865 746 1937 772 sacri
1951 746 2150 772 Lateranensis
2164 755 2211 781 pa-

1249 793 1318 826 latii,
1332 793 1358 819 in
1375 801 1473 819 mense
1488 798 1516 819 et
1528 793 1682 820 indictione
1695 795 1909 829 suprascriptis.
1925 794 2046 829 Signum
2061 795 2101 830 -1{÷
2112 803 2214 821 manus

1249 842 1304 876 ipsi
1324 841 1430 868 Ubaldi·
1443 843 1591 877 presbiteri
1612 843 1764 869 cardinalis
1787 847 1885 870 sancte
1902 843 2003 870 Crucis
2019 845 2213 878 procuratoris

1247 890 1354 916 domini
1375 900 1445 926 pape
1471 891 1587 917 Adriani
1613 893 1699 926 liujus
1721 893 1828 918 cartule
1854 893 1924 926 rogi,
1948 897 1974 918 et
2000 897 2028 919 tu
2052 893 2211 920 Rainaldus

1248 939 1332 965 tactis
1353 941 1546 966 sacrosanctis
1563 941 1719 975 evangeliis
1736 941 1841 974 jurasti
1866 941 1942 967 hunc
1966 946 2144 968 contractum
2161 942 2212 968 ob-

1247 991 1426 1014 servaturum
1453 988 1514 1014 sine
1542 988 1638 1014 fraude
1668 993 1695 1014 et
1726 989 1798 1015 malo
1826 989 1941 1023 ingenio
1972 989 2048 1016 sicut
2077 990 2212 1024 superius

1248 1037 1383 1070 scriptum
1402 1041 1453 1063 est.
1474 1036 1692 1063 Bai-tholomeus
1709 1037 1743 1063 de
1758 1037 1921 1063 Taliacozzo
1937 1039 2034 1069 testis,
2058 1038 2211 1064 Landinol-

1247 1085 1293 1111 fus
1308 1085 1342 1111 de
1365 1085 1526 1112 Straozzato
1549 1087 1646 1115 testis,
1666 1085 1732 1111 Milo
1748 1085 1782 1111 de
1799 1086 1934 1121 episcopo
1952 1085 2096 1112 Verulano
2120 1087 2211 1118 testis,

1248 1134 1370 1160 Acetum
1388 1134 1421 1160 de
1437 1133 1585 1160 Frusilone
1600 1135 1693 1167 testis,
1705 1133 1853 1160 «Iohannes
1865 1135 1984 1161 scutifer
2000 1135 2092 1169 ipsius
2106 1135 2214 1162 domini

1246 1183 1398 1209 cardinalis
1419 1183 1511 1209 testis.
1537 1183 1626 1208 Adem
1650 1191 1767 1217 preacca
1788 1183 1881 1218 ipsius
1897 1184 2002 1210 domini
2021 1192 2101 1218 pape,
2119 1183 2213 1210 indic-

1245 1232 1322 1257 tione
1349 1231 1414 1262 VH,
1442 1240 1539 1257 mense
1565 1232 1721 1265 septembri
1746 1232 1791 1258 die
1817 1231 1958 1266 XXVIII,
1976 1233 2050 1266 apud
2067 1233 2212 1259 civitatem

1245 1279 1378 1314 Anagnie
1396 1281 1486 1306 lectus
1502 1285 1545 1306 est
1562 1280 1615 1305 iste
1633 1284 1798 1307 contractus
1815 1288 1910 1307 coram
1934 1281 2058 1307 dominis
2079 1281 2211 1308 cardina-

1245 1329 1320 1355 libus
1352 1328 1462 1355 Ubaldo
1493 1328 1663 1354 venerabilis
1696 1329 1770 1355 tituli
1798 1333 1896 1356 sancte
1921 1329 2074 1361 Pfflxedis,
2106 1330 2212 1358 Herico

1245 1381 1411 1403 sanctorum
1428 1376 1511 1403 Nerei
1529 1381 1557 1403 et
1572 1377 1694 1403 Achillei
1711 1377 1894 1412 presbiteris,
1912 1382 1940 1404 et
1962 1378 2132 1405 diaconibus
2147 1387 2211 1406 car-

1245 1426 1389 1452 dinalibus
1404 1425 1530 1460 Symone
1546 1430 1644 1452 sancte
1660 1426 1748 1452 Marie
1765 1427 1793 1453 in
1812 1426 1920 1454 Donico
1932 1431 1958 1453 et
1971 1427 2149 1455 sublacense
2160 1429 2211 1454 ab-

1245 1475 1309 1500 bate
1330 1478 1397 1500 tunc
1418 1473 1571 1509 Campanie
1596 1475 1710 1506 comite,
1735 1478 1763 1501 et
1779 1475 1891 1501 Baseno
1911 1480 2075 1503 sanctorum
2097 1476 2212 1504 Cosmei

1245 1527 1273 1549 et
1290 1522 1420 1549 Damiani
1436 1523 1529 1557 ipsius
1545 1523 1652 1549 domini
1675 1532 1746 1558 pape
1767 1525 1936 1555 camerario,
1960 1528 1987 1550 et
2008 1525 2144 1560 magistro
2160 1525 2213 1552 Al-

1244 1572 1325 1598 berto
1341 1572 1432 1598 sancti
1449 1572 1585 1606 Adriani,
1603 1573 1708 1606 quibus
1731 1573 1853 1607 placuit,
1876 1577 1904 1599 et
1924 1573 1958 1599 de
1980 1574 2126 1600 communi
2143 1582 2212 1600 con-

1245 1629 1333 1646 sensu
1352 1621 1437 1647 michi
1453 1620 1601 1647 scriniario
1624 1621 1750 1647 scribere
1767 1625 1957 1656 preceperunt
1972 1630 2066 1648 coram
2085 1622 2210 1657 predicto

1243 1669 1340 1704 judice
1364 1674 1389 1695 et
1418 1669 1532 1695 domino
1554 1669 1653 1696 Odone
1678 1669 1833 1704 Frajapane
1856 1674 1884 1696 et
1904 1669 2039 1696 Gratiano
2059 1670 2212 1698 Obbicuis.

1245 1717 1279 1743 Et
1299 1726 1352 1752 ego
1377 1718 1508 1744 Andreas
1529 1719 1696 1744 scriniarius
1719 1722 1818 1745 sancte
1840 1718 1969 1745 Romane
1991 1720 2113 1746 ecclesie
2137 1720 2211 1746 sacri

1245 1766 1446 1793 Lateranensis
1463 1767 1557 1801 palatii
1573 1767 1712 1802 complevi
1729 1771 1757 1793 et
1772 1767 1892 1793 absolvi.

1280 1815 1314 1841 Et
1330 1824 1384 1850 ego
1406 1815 1439 1842 B.
1463 1816 1630 1842 scriniarius
1653 1819 1752 1842 sancte
1773 1815 1902 1842 Romane
1918 1816 2053 1846 ecclesie,
2072 1816 2146 1843 sicut
2166 1816 2210 1843 in-

1245 1865 1310 1890 veni
1333 1866 1359 1890 in
1382 1865 1573 1890 instrumento
1591 1864 1730 1899 predicto¹
1750 1864 1786 1890 ita
1809 1872 1892 1890 manu
1914 1865 2027 1899 publica
2051 1865 2208 1898 exemplavi

1245 1913 1332 1939 nichil
1354 1913 1461 1939 addens
1478 1914 1519 1938 vel
1537 1914 1668 1939 minuens
1685 1917 1712 1938 et
1728 1912 1879 1947 diligenter
1896 1921 1992 1939 coram
2014 1913 2069 1939 hiis
2085 1914 2210 1939 testibus

1244 1962 1401 1987 abscultavi
1419 1973 1424 1987 :
1445 1962 1564 1988 diacono
1584 1961 1675 1991 Petro,
1689 1961 1789 1987 abbate
1804 1960 1935 1987 Johanne
1947 1966 1974 1987 et
1987 1961 2146 1995 presbitero
2157 1961 2210 1988 Jo-

1244 2011 1336 2036 hanne
1353 2011 1466 2037 Caseni.
1487 2011 1591 2036 Actum
1607 2018 1681 2036 anno
1699 2009 1813 2036 Domini
1830 2009 1978 2041 MoccuLI,
1997 2010 2151 2037 indictione
2169 2010 2207 2043 X,

1245 2059 1429 2094 pontificatus
1452 2059 1558 2085 domini
1576 2058 1733 2084 Innocentii
1752 2067 1822 2093 pape
1844 2058 1899 2085 IIII
1914 2067 1986 2085 anno
2005 2068 2089 2090 nono,
2111 2067 2209 2086 mense

1244 2108 1398 2142 Septembri
1417 2109 1460 2134 die
1478 2107 1559 2134 XIII.

1211 2264 1422 2299 [CCCXLVNJ.
1450 2279 1479 2283 -
1504 2264 1609 2291 Census
1632 2273 1669 2291 xx
1692 2273 1843 2291 sermonum
1866 2273 2014 2291 nucexsoen
2037 2273 2086 2290 ruo
2108 2271 2208 2290 casrrio

1244 2313 1368 2340 Bciumo
1385 2322 1502 2339 nicensis
1519 2313 1698 2340 Gnosse‘rane
1711 2315 1730 2339 ¹.

1278 2415 1310 2441 In
1335 2415 1387 2441 Dei
1404 2415 1533 2446 nomine,
1550 2423 1642 2440 amen.
1662 2416 1747 2441 Anno
1764 2414 1879 2441 Domini
1896 2414 2047 2441 millesimo
2068 2414 2209 2441 ducente-

1242 2464 1316 2490 simo
1332 2463 1513 2497 sexagesimo
1530 2467 1641 2496 octavo,
1659 2464 1743 2490 nonis
1760 2463 1933 2494 novembris,
1952 2463 2107 2490 indictione
2123 2463 2206 2496 xna,

1241 2513 1427 2547 pontificatus
1449 2521 1514 2538 vero
1537 2512 1644 2538 domini
1662 2511 1817 2538 Clementis
1838 2521 1910 2547 pape
1928 2511 2002 2538 IIIIti
2018 2520 2092 2538 anno
2115 2511 2206 2538 IIIIW.

1242 2561 1297 2588 Per
1318 2565 1480 2596 presentem
1504 2561 1635 2596 paginam
1656 2565 1791 2596 appareat
1808 2560 1942 2587 omnibus
1965 2559 2112 2587 evidenter
2130 2559 2207 2595 quod

1240 2610 1368 2637 Jacobus
1383 2610 1525 2644 quondam
1543 2610 1649 2636 domini
1667 2609 1814 2644 Synibaldi
1831 2609 1980 2636 Lambardi
1997 2612 2023 2634 ct
2040 2609 2206 2636 Gualsridus

1242 2793 1266 2819 1.
1285 2791 1412 2824 Viterbe,
1432 2793 1446 2818 5
1462 2791 1615 2818 novembre
1633 2791 1708 2818 1268.
1728 2805 1762 2811 -
1778 2790 1833 2817 Les
1848 2791 1999 2825 seigneurs
2016 2790 2049 2816 de
2066 2790 2204 2821 Buriano,

1204 2841 1319 2868 diocese
1340 2840 1378 2866 de
1395 2840 1549 2871 Grosset0‚
1571 2840 1789 2866 reconnaissent
1804 2839 1846 2865 les
1861 2839 1951 2865 droits
1967 2838 2004 2865 du
2021 2838 2205 2872 Saint-Siege

1205 2898 1256 2916 sur
1268 2890 1329 2915 leur
1343 2890 1464 2921 locante,
1481 2893 1509 2915 et
1525 2893 1698 2915 notamment
1713 2889 1737 2914 le
1751 2896 1820 2914 cens
1833 2888 1867 2914 de
1880 2887 1913 2914 ‘20
1928 2888 2015 2913 livres
2029 2886 2203 2920 lucquoises.

1205 2937 1245 2964 Ils
1261 2938 1371 2972 pretcnt
1387 2942 1513 2963 serment
1528 2937 1562 2963 de
1579 2937 1692 2964 fidelite.
1711 2936 1749 2963 Ce
1765 2944 1835 2963 cens
1849 2940 1894 2962 est
1911 2938 2027 2970 mai-que
2044 2936 2108 2970 plus
2125 2936 2205 2966 haut,

1206 2995 1233 3021 p.
1250 2986 1282 3013 58
1298 2995 1314 3012 α
1331 2987 1377 3018 (cs.
1396 2987 1437 3012 les
1454 2990 1536 3012 notes
1554 2987 1563 3012 1
1582 2989 1609 3012 et
1624 2986 1668 3018 52),-
1685 2985 1721 3012 cf.
1740 2994 1766 3019 p.
1783 2984 1833 3011 347
1851 2985 1875 3010 b.
