2392 3571
652 340 699 369 LE
725 339 868 368 LIBER
890 337 1123 368 CENSUUM
1149 337 1203 366 DE
1227 326 1412 366 L'IJJGLISE
1436 336 1645 366 ROMAINE.
2138 333 2194 363 5¹3

139 408 328 437 violabiliter
347 408 504 436 observare
526 412 551 435 et
572 415 634 435 non
655 411 760 435 contra
783 406 896 439 venire,
919 405 968 433 secl
988 405 1015 432 si
1035 412 1109 441 opus

139 462 236 497 suerit
255 461 388 498 teqtttme
406 460 561 496 defendere
581 460 616 488 ab
634 459 719 488 omni
732 467 870 496 persona.
895 457 976 492 Quod
992 457 1019 485 si
1039 465 1109 494 pre-

141 515 223 543 dicta
247 514 352 542 omnia
371 522 388 542 a
408 522 453 541 me
470 513 602 549 meisque
617 512 775 540 heredibus
797 520 855 539 uon
876 511 994 546 suerint
1010 510 1110 538 obser-

140 571 213 595 vaca
230 567 275 595 vet
291 567 420 603 quolibet
444 565 528 593 inodo
546 565 721 594 ¹venerimus
739 568 845 593 contra
859 563 1020 600 premissa.
1038 570 1109 598 pre-

141 620 254 648 dictam
280 619 443 656 pecuniam
470 618 593 647 nomine
615 626 689 654 pene
712 617 838 653 duplam
866 615 961 643 eidem
987 614 1110 642 domino

139 681 216 709 pape
233 677 258 700 et
275 672 405 700 Romane
423 671 541 700 ecclesie
557 679 603 698 me
620 670 791 698 soluturam
809 668 970 705 promitto,
992 671 1018 695 et
1033 675 1110 703 pena

140 725 238 752 soluta
256 724 349 760 hujus
367 723 552 752 venditionis
570 726 744 750 contractus
766 725 791 749 et
811 721 917 749 omnia
932 719 1111 756 supradicta

143 777 367 805 nichilominus
384 780 452 804 rata
469 780 495 804 et
510 775 601 812 firma
616 778 828 812 permaneant.

181 830 216 857 Et
238 838 288 864 eqo
306 829 459 857 lohannes
476 828 509 856 dc
526 828 640 856 Murolo
660 827 733 855 huic
751 826 923 863 supradicte
940 824 1113 853 venditioni

141 887 168 910 ct
191 882 333 910 omnibns
353 881 539 918 supradictis
561 880 655 908 libera
675 884 701 907 ct
722 879 849 916 propria
871 878 1025 906 voluntate
1042 886 1113 906 con-

142 935 274 963 sentiens
291 934 436 971 promitto
456 942 510 970 pro
530 942 575 961 me
591 933 723 969 meisque
738 931 896 959 heredibus
911 931 989 959 hanc
1006 930 1113 958 vendi-

144 988 254 1016 tionem
275 989 369 1024 ipsam
392 991 489 1015 ratam
513 990 538 1014 et
559 986 682 1022 firmam
706 985 811 1013 habere
833 984 865 1012 in
885 987 1062 1020 perpetuum
1088 987 1113 1010 et

145 1049 204 1070 non
230 1045 335 1069 contra
360 1040 473 1074 venire,
501 1039 554 1068 sub
576 1047 655 1076 pena
678 1038 814 1075 predicta
840 1046 930 1074 quam
956 1037 982 1064 si
1008 1040 1114 1064 contra

143 1102 252 1122 venero
265 1093 359 1121 eidem
374 1093 498 1120 domino
512 1100 586 1129 pape
597 1096 622 1119 et
634 1091 763 1119 Romane
778 1090 894 1118 ecclesie
907 1098 952 1117 me
967 1089 1112 1117 daturum

142 1146 303 1183 promitto,
321 1150 346 1173 ct
361 1154 437 1182 pena
453 1145 551 1173 soluta
570 1148 743 1173 contractus
763 1143 942 1180 hujusmodi
964 1147 989 1171 et
1010 1142 1116 1170 omnia

143 1199 322 1236 supradicta
340 1198 565 1226 nichilominus
579 1197 671 1233 firma
686 1201 896 1234 permaneant.

183 1252 291 1280 Actum
310 1251 498 1288 presentibus
521 1251 642 1278 testibus
662 1250 701 1278 ad
723 1250 776 1278 hoc
794 1250 966 1286 specialiter
987 1248 1112 1286 rogatis,

145 1304 258 1333 scilicet
277 1315 285 1332 .-

185 1357 392 1386 Bartholomeo
411 1357 526 1392 Pincto,
548 1361 636 1385 teste:

188 1409 323 1438 Oderisio
339 1410 455 1444 Pincto,
476 1414 543 1438 teste
553 1421 562 1444 ,·

188 1463 401 1491 Transmundo
417 1463 450 1491 de
468 1463 582 1497 Tincto,
603 1467 690 1497 teste,-

188 1516 317 1544 Girardo
333 1516 366 1543 de
385 1515 523 1550 Paliano,
545 1520 630 1549 teste,-

188 1568 351 1603 Gottis'redo
367 1567 400 1595 dc
416 1568 577 1602 Rainaldo,
596 1572 682 1602 teste,-

187 1625 214 1649 et
230 1621 352 1649 Nicolao
368 1620 401 1648 dc
421 1620 577 1655 illalliano,
599 1624 677 1649 teste.

187 1675 223 1702 Et
251 1682 300 1710 eqo
330 1673 495 1702 Riccardus
526 1673 697 1710 imperialis
725 1673 794 1701 aule
822 1673 1011 1701 scriniarius
1040 1671 1117 1700 hanc

146 1731 264 1755 cartam
283 1726 445 1762 utriusque
458 1725 559 1762 partis
574 1733 719 1753 consensu
735 1725 881 1762 complevi
900 1729 1033 1761 royatus.

109 1883 300 1914 CCLVIIII.
320 1900 359 1905 —
377 1883 527 1912 CAnTum
545 1891 745 1912 vnsnzrioms
761 1891 858 1911 FACTE
876 1892 894 1911 A
912 1882 1118 1912 Gom-'rimmo

149 1945 188 1965 nt:
203 1937 376 1966 Rumam
391 1937 411 1964 ¹.

190 2042 225 2071 In
242 2051 308 2071 nom
317 2043 364 2070 ine
382 2042 521 2076 Domini,
540 2050 640 2070 amen.
659 2042 746 2070 Anno
762 2042 991 2070 ¹incarnationis
1005 2042 1120 2070 Christi

152 2096 314 2124 millesimo
332 2095 523 2128 comum,
542 2094 739 2131 pontificatus
753 2094 873 2122 domini
890 2094 1027 2131 Gregorii
1045 2103 1120 2131 pape

151 2149 227 2176 noni
246 2156 328 2176 anno
352 2153 449 2181 serm,
472 2156 572 2176 mense
594 2147 750 2183 februario
770 2147 818 2175 die
844 2147 924 2182 VIII,
954 2147 1120 2176 indictione

150 2205 244 2229 seoeta..
259 2201 317 2237 Egso
327 2200 447 2236 quidem
464 2200 647 2235 Gottifredus
658 2200 691 2228 de
701 2200 856 2236 Raynaldo
868 2200 923 2229 hac
934 2200 1121 2237 diepresenti

147 2254 275 2291 propria
299 2258 324 2281 et
346 2258 511 2290 spontanea
538 2254 691 2281 voluntate
715 2253 806 2281 vendo
828 2258 854 2281 et
881 2253 1122 2282 irrevocabiliter

151 2306 239 2335 trado
262 2307 315 2334 tibi
339 2307 485 2342 mayistro
506 2307 603 2334 Boetio
619 2306 726 2334 clerico
744 2305 863 2334 domini
879 2314 954 2343 pape
970 2314 1121 2342 procura-

152 2358 229 2387 torio
248 2359 371 2386 nomine
385 2366 441 2395 pro
466 2359 527 2395 ipso
543 2358 666 2386 domino
683 2367 762 2395 papa
782 2363 807 2386 et
826 2358 1043 2386 successoribus
1057 2359 1122 2387 suis

152 2411 191 2439 ad
206 2420 279 2448 opus
290 2416 316 2439 et
330 2411 497 2439 utilitatem
514 2412 642 2439 Romane
653 2411 768 2439 ecclesie
782 2411 812 2439 in
827 2415 1019 2448 perpetuum,
1038 2411 1122 2439 vide-

153 2464 221 2492 licet
248 2468 338 2492 totam
368 2468 394 2491 et
420 2464 570 2499 inteqram
603 2468 717 2500 partem
751 2472 849 2491 meam
874 2472 955 2492 rocce
978 2468 1004 2491 et
1027 2463 1122 2492 castri

153 2517 278 2545 Paliani
291 2522 316 2544 et
333 2524 412 2544 rocce
424 2514 482 2554 a[c]
496 2517 590 2544 castri
600 2516 710 2545 Serron
718 2517 753 2550 is,
766 2525 833 2544 cuni
847 2515 985 2544 domibus
998 2521 1023 2544 et
1037 2524 1122 2544 casa-

153 2569 229 2598 linis
253 2570 337 2604 insra
360 2577 479 2597 roccam
500 2569 625 2597 Paliani
643 2569 737 2597 miehi
751 2569 978 2605 pertinentibus
997 2574 1023 2597 et
1038 2569 1123 2597 omni

147 2623 234 2658 jure,
249 2621 483 2658 jurisdictione,
504 2621 657 2656 dominio,
675 2622 786 2650 honore
802 2626 828 2650 et
843 2622 960 2650 actione
976 2626 1002 2650 et
1017 2622 1123 2650 omnia

151 2674 217 2702 alia
234 2682 298 2701 mea
316 2674 392 2702 bona
411 2674 581 2702 immobilia
603 2678 663 2702 tam¹
687 2675 719 2702 in
740 2675 830 2702 terris
847 2683 941 2710 quam
962 2675 991 2702 in
1012 2675 1119 2709 vineis,

156 2726 312 2760 vassallis,
336 2726 452 2763 pratis,
482 2727 650 2761 montibus,
676 2727 814 2761 collibus,
836 2726 939 2761 silvis,
962 2726 1120 2763 planiciis,

151 2779 285 2815 pascuis,
304 2779 393 2815 aquis
411 2783 435 2807 et
454 2779 692 2807 comunitatibus
708 2779 872 2814 universis,
891 2779 970 2807 sicut
985 2779 1082 2807 michi
1097 2783 1123 2807 et

149 2939 177 2968 ¹1.
194 2942 209 2968 8
225 2942 330 2968 it‘evrier
348 2941 427 2969 ¹233.
442 2957 477 2961 —
501 2942 595 2968 Minue
611 2942 724 2969 cession
736 2963 742 2975 ,
759 2942 793 2968 dc
813 2943 839 2968 Ia
858 2947 921 2977 part.
936 2943 970 2969 de
987 2942 1123 2969 Godefroi

112 2990 148 3017 de
167 2990 325 3025 Rnymld0‚
343 2999 415 3026 pour
432 2999 487 3017 une
503 2999 614 3017 somme
632 2999 688 3017 non
703 2992 855 3018 transm-ite
869 2992 917 3018 ici.

256 3051 343 3080 Lmssn
361 3051 504 3080 Cmcsuuu.
526 3066 560 3073 -
579 3053 602 3080 Ι.

1231 403 1390 431 heredibus
1406 403 1479 430 meis
1494 411 1528 429 ae
1544 403 1759 429 successio-ibus
1778 406 1948 438 competunt
1961 410 2015 438 pro
2033 401 2131 429 diviso
2153 400 2196 429 cel

1231 455 1368 483 indiviso
1392 454 1423 481 ¹in
1449 454 1589 490 predictis
1607 455 1715 482 castris
1734 455 1818 482 intus
1834 459 1858 481 et
1875 459 1959 481 estra
1983 458 2008 481 et
2031 462 2083 490 per
2101 458 2194 481 totum

1232 516 1337 536 eorum
1353 507 1542 535 territorium
1559 511 1583 534 et
1598 507 1782 536 districtum,
1802 511 1827 534 et
1843 506 1990 543 quicquid
2006 514 2055 542 eqo
2072 506 2117 534 vel
2132 506 2196 533 alia

1229 567 1359 596 persona
1372 567 1427 595 pro
1448 567 1492 586 me
1513 558 1546 585 de
1571 558 1713 594 predictis
1733 559 1872 586 omnibus
1891 558 2077 594 possidemus
2094 567 2110 585 a
2126 566 2196 594 pre-

1232 612 1309 640 senti
1330 620 1373 639 me
1390 611 1538 639 constituo
1556 611 1676 638 nomine
1694 612 1823 638 Romane
1847 611 1962 638 ecclesie
1981 610 2140 647 possidere.
2162 610 2197 637 Et

1233 664 1268 692 do
1285 668 1374 700 atque
1395 661 1505 700 [trado]
1531 663 1588 699 ipsi
1610 663 1732 690 domino
1753 671 1828 699 pape
1851 667 1876 690 et
1897 662 2111 690 successoribus
2132 663 2196 689 suis

1234 716 1359 744 liberam
1377 719 1549 752 potestatem
1570 715 1710 742 intrandi
1727 719 1751 742 et
1768 715 1935 751 accipiendi
1951 723 2004 751 per
2019 723 2047 741 sc
2066 715 2109 742 rel
2127 723 2197 750 pro-

1233 773 1402 797 curatorem
1415 776 1503 795 suum
1515 768 1695 795 (tuctoritate
1704 767 1828 803 propria
1836 767 2046 803 possessionem
2056 767 2195 795 omnium

1231 821 1439 858 predictorum
1466 824 1491 848 et
1515 820 1643 848 habendi
1673 820 1792 847 tenendi
1815 820 1987 856 possidendi
2009 820 2047 847 ad
2072 828 2144 856 opus
2170 824 2195 847 et

1235 873 1402 902 utilitatem
1423 873 1552 900 Romane
1571 872 1689 899 ecclesie
1707 872 1736 899 in
1760 877 1935 908 perpetuum
1960 873 2064 899 omnia
2088 880 2197 908 snpra-

1236 926 1333 959 (Ποία,
1356 926 1440 953 salvo
1454 934 1507 961 per
1523 925 1626 952 omnia
1646 925 1739 951 michi
1758 929 1782 952 et
1800 924 1955 952 heredibus
1974 925 2044 951 meis
2059 929 2200 961 perpetuo

1237 979 1315 1016 quod
1334 979 1491 1007 unirersas
1506 977 1701 1013 possessiones
1716 982 1740 1004 et
1754 977 1827 1004 bona
1847 977 2013 1005 immobilia
2026 982 2109 1005 ertra
2130 986 2199 1004 mn-

1236 1033 1367 1061 nitiones
1382 1031 1587 1068 predictorum
1602 1035 1770 1058 castrorum
1787 1030 1883 1066 posita
1895 1034 1920 1057 et
1934 1030 2070 1057 redditus
2086 1030 2199 1057 vassat-

1238 1086 1336 1114 lorum
1361 1088 1551 1116 nostrorum,
1577 1091 1650 1118 quos
1672 1087 1696 1110 et
1718 1091 1773 1117 qne
1794 1082 1887 1118 hujus
1907 1082 2104 1109 alienationis
2125 1087 2199 1109 tem-

1236 1146 1307 1175 pore
1332 1137 1363 1165 in
1384 1137 1491 1165 castris
1510 1135 1673 1163 habueram
1698 1135 1884 1165 memoratis,
1901 1142 1918 1161 a
1937 1134 2058 1161 domino
2074 1143 2152 1170 papa
2174 1139 2200 1162 et

1238 1192 1373 1219 Romana
1388 1189 1509 1217 ecclesia
1527 1189 1559 1216 in
1573 1188 1697 1223 feudum
1715 1187 1747 1214 cle
1761 1192 1853 1214 cetero
1871 1192 2034 1219 teneamus,
2053 1191 2077 1213 et
2095 1186 2202 1214 esinde

1239 1232 1337 1281 ipsius
1353 1242 1473 1270 domini
1487 1250 1561 1278 pape
1573 1245 1597 1268 ct
1610 1241 1739 1268 Romane
1751 1240 1868 1267 ecclesie
1884 1239 2006 1266 rassalli
2022 1239 2118 1266 simus
2132 1247 2202 1275 per-

1236 1300 1326 1334 petuo
1350 1299 1375 1323 et
1399 1294 1509 1331 fideles,
1536 1297 1562 1321 et
1587 1292 1679 1320 eidem
1704 1296 1826 1328 propter
1853 1292 1905 1318 hoc·
1928 1291 2099 1327 specialiter
2120 1299 2203 1327 pres-

1240 1354 1335 1378 temus
1349 1347 1524 1383 honiayium
1536 1345 1702 1383 personale.
1723 1345 1780 1372 I'ro
1792 1352 1852 1380 qua
1865 1344 2013 1380 siquidem
2032 1343 2204 1371 venditione

1238 1411 1272 1431 ac
1290 1401 1454 1430 traditione
1469 1398 1611 1435 confiteor
1630 1407 1673 1426 me
1695 1397 1833 1434 recepisse
1851 1401 1877 1424 et
1893 1397 2032 1424 habuisse
2047 1405 2063 1424 a
2081 1396 2204 1424 domino

1238 1454 1394 1484 Beneclicto
1414 1452 1533 1480 domini
1553 1460 1629 1488 pape
1647 1451 1817 1479 camerario
1837 1449 1959 1477 nomine
1976 1449 2071 1485 ipsius
2086 1449 2205 1477 domini

1236 1516 1313 1545 pape
1328 1506 1458 1535 solvente

1238 1561 1320 1589 sium
1335 1563 1467 1592 senatus,
1485 1557 1518 1585 de
1532 1556 1641 1593 quibus
1656 1564 1699 1583 me
1713 1556 1781 1583 bene
1797 1563 1863 1583 coco
1877 1555 2023 1590 quietum,
2038 1554 2206 1590 eoeeeptioni

1747 1503 1841 1530 libras
1859 1502 2001 1529 bonorum
2021 1502 2204 1538 provenien-

1239 1622 1300 1642 non
1315 1615 1475 1640 numerate
1488 1610 1615 1647 pecunie
1632 1606 1849 1636 renuntiando.
1866 1607 1901 1634 Et
1923 1607 1948 1634 si
1966 1606 2103 1643 predicta
2129 1607 2205 1633 lama

1237 1666 1307 1703 plus
1331 1665 1451 1697 valent,
1481 1667 1576 1691 totum
1604 1670 1620 1689 a
1646 1660 1779 1698 presenti
1808 1659 1901 1687 eidem
1931 1658 2053 1687 domino
2080 1667 2155 1695 pape
2179 1662 2204 1686 et

1240 1719 1369 1747 Romane
1387 1716 1503 1744 ecclesie
1517 1715 1594 1742 dono
1610 1718 1698 1749 atque
1714 1712 1838 1741 concedo
1857 1712 1946 1739 libere
1967 1711 1995 1738 in
2013 1715 2202 1747 perpetuum.

1239 1772 1298 1800 Pro
1320 1770 1429 1807 quibus
1455 1768 1595 1797 omnibus
1620 1766 1753 1802 firmiter
1781 1764 1974 1792 observandis
1999 1764 2101 1791 omnia
2130 1764 2205 1791 bona

1243 1833 1305 1852 mea
1337 1822 1461 1850 mobilia
1490 1825 1516 1849 et
1540 1819 1708 1848 immobilia
1735 1818 1827 1845 eidem
1857 1817 1980 1844 domino
2002 1824 2077 1853 pape
2101 1821 2126 1843 et
2150 1816 2204 1843 tto-

1241 1885 1330 1904 mane
1351 1874 1468 1903 ecclesie
1489 1873 1598 1909 obligo,
1619 1871 1717 1899 eadem
1739 1875 1860 1907 propter
1879 1870 1932 1897 hoc
1949 1869 2121 1905 specialiter
2137 1876 2206 1903 pre-

1241 1930 1324 1958 cario
1346 1936 1390 1956 me
1410 1927 1445 1955 ab
1461 1927 1503 1954 eis
1521 1925 1670 1954 constituo
1687 1923 1845 1960 possidere.
1865 1921 2078 1950 Renuntianilo
2097 1922 2126 1948 in
2145 1921 2207 1947 hiis

1238 1976 1380 2010 vomnibus
1396 1979 1579 2015 omnijuris
1598 1977 1718 2005 auaeilio
1739 1975 1882 2004 canonici
1900 1979 1925 2003 et
1943 1974 2062 2008 civilis,
2082 1982 2208 2002 consuc-

1243 2035 1347 2063 tudini
1372 2037 1397 2061 et
1417 2035 1538 2065 statuto,
1566 2035 1590 2058 et
1611 2030 1695 2057 omni
1711 2028 1825 2056 actioni
1846 2027 2014 2064 acceptioni
2033 2031 2059 2054 et
2086 2027 2129 2053 rei
2152 2034 2207 2061 que

1238 2091 1358 2125 possent
1374 2085 1566 2114 obicicontra
1585 2083 1824 2110 instrumentum
1847 2080 1890 2109 cel
1903 2081 2029 2115 sactum.
2046 2079 2081 2107 Et
2096 2087 2149 2115 pro
2163 2087 2208 2105 me

1240 2141 1373 2176 meisque
1398 2137 1555 2166 heredibus
1580 2140 1606 2163 et
1629 2134 1846 2163 suecessoribus
1870 2133 2013 2169 promitto
2029 2132 2209 2168 juramento

1242 2203 1259 2222 a
1283 2202 1328 2220 me.
1356 2190 1554 2227 corporaliter
1574 2188 1699 2225 prestito
1719 2187 1796 2214 lianc
1823 2186 2024 2213 venditionem
2049 2189 2074 2211 et
2104 2184 2209 2211 omnia

1242 2244 1418 2283 supradicta
1443 2242 1576 2278 firmiter
1604 2245 1630 2268 et
1662 2239 1883 2267 inviolabiliter
1912 2238 2066 2265 observare
2093 2241 2118 2263 ct
2150 2244 2207 2263 non

1242 2303 1348 2328 contra
1367 2297 1479 2330 venire⁷
1496 2295 1545 2323 sed
1559 2295 1586 2322 si
1602 2302 1675 2330 opus
1691 2297 1716 2320 et
1734 2300 1845 2320 necesse
1854 2291 1949 2326 fucrit
1964 2291 2096 2326 legitime
2108 2289 2210 2323 ‹lesen-

1243 2352 1310 2381 dere
1336 2351 1372 2379 ab
1397 2349 1481 2378 omni
1505 2356 1645 2384 persona:
1679 2345 1760 2379 (haul
1783 2346 1809 2372 si
1827 2344 1962 2381 predicta
1988 2343 2092 2371 omnia
2120 2351 2136 2369 a
2166 2350 2210 2369 me

1243 2405 1376 2440 meisque
1406 2401 1563 2430 heredibus
1589 2408 1649 2427 non,
1678 2399 1796 2442 fuerint
1826 2397 1979 2424 observata
2010 2395 2053 2423 eet
2080 2394 2209 2431 quotibet

1243 2457 1329 2485 niodo
1349 2455 1522 2484 venerimus
1547 2457 1651 2481 contra
1673 2451 1838 2488 premissa,
1863 2449 2031 2486 predictum
2048 2447 2207 2484 pecuniam

1244 2510 1366 2538 nomine
1385 2516 1457 2544 pene
1477 2505 1601 2542 duplam
1618 2503 1764 2540 promitto
1783 2510 1826 2529 me
1843 2502 1972 2530 Romane
1992 2500 2110 2528 ecclesie
2127 2499 2210 2526 solu-

1244 2567 1365 2595 turum,
1384 2564 1408 2587 et
1423 2567 1501 2596 pena
1517 2558 1614 2585 soluta
1632 2560 1804 2584 contractus
1819 2559 1844 2582 et
1861 2553 1964 2581 onmia
1981 2552 2156 2589 supradicta
2177 2551 2210 2578 in

1242 2623 1297 2643 sua
1319 2612 1541 2641 nichilominus
1557 2610 1705 2645 firmitate
1718 2610 1930 2644 permaneant.

1282 2668 1389 2695 Actum
1411 2663 1600 2701 presentibus
1619 2660 1740 2689 testibus
1763 2659 1801 2687 ad
1819 2659 1871 2686 hoc
1892 2658 2063 2695 specialiter
2084 2656 2209 2692 roqatis,

1244 2719 1358 2748 scilicet
1376 2728 1384 2745 .-

1287 2771 1415 2801 Girarilo
1432 2769 1464 2797 de
1481 2769 1619 2801 Paliano,
1641 2771 1726 2799 teste,-

1284 2825 1370 2853 Petro
1385 2821 1642 2858 archipresbytero
1657 2818 1755 2846 sancti
1771 2816 1942 2849 Pancmtii,
1962 2820 2046 2849 teste;

1282 2875 1384 2905 Laudo
1399 2875 1547 2903 seri-iente
1561 2871 1679 2900 domini
1693 2869 1851 2907 Stephani,
1868 2872 1952 2903 teste,-

1285 2930 1396 2958 Miletto
1410 2927 1558 2955 seri-iente
1575 2924 1694 2953 domini
1710 2922 1888 2955 camerarii,
1907 2925 1996 2954 teste‚·

1286 2983 1372 3011 Petro
1388 2981 1421 3009 cle
1437 2979 1550 3008 ,llarsia
1567 2982 1592 3006 et
1608 2977 1682 3005 aliis
1706 2976 1838 3004 testibus.

2037 3037 2071 3065 65
