2392 3571
645 349 694 377 LE
720 347 863 377 LIBER
886 346 1119 377 CENSUUM
1143 346 1197 376 DE
1222 340 1408 375 L'EGLISE
1432 345 1640 375 ROMAINE.
2131 344 2188 374 553

100 928 338 966 [CCLXXXIXJ.
362 942 394 946 ——
415 926 458 953 DE
479 935 580 954 cas‘rno
601 926 744 953 PmcENn.

166 1031 198 1057 In
226 1030 278 1056 Dei
305 1030 429 1055 nomine.
456 1028 541 1055 Carta
563 1029 683 1054 testium
710 1028 941 1063 recipiendorum
963 1029 998 1055 ad
1022 1029 1107 1055 inve-

132 1079 265 1106 niendam
278 1078 396 1105 veritate
403 1078 446 1111 [m]
459 1078 569 1111 jurium
581 1080 608 1103 et
620 1077 762 1103 rationum
773 1081 859 1110 atque
871 1085 966 1103 rerum
977 1077 1106 1103 omnium

132 1136 206 1162 quas
222 1128 302 1153 curia
318 1126 402 1152 habet
419 1126 462 1151 vel
479 1125 583 1151 habere
601 1125 687 1151 debet
702 1126 729 1151 in
747 1129 842 1151 castro
866 1124 981 1151 Priceni
1000 1130 1028 1152 et
1043 1126 1108 1159 ejus

133 1179 215 1202 cui-te
239 1176 317 1202 intus
333 1178 361 1200 et
381 1177 460 1200 extra
482 1174 509 1199 in
526 1175 591 1207 ejus
609 1174 812 1208 pertinenciis,
835 1177 865 1200 ut
885 1173 918 1199 ad
940 1177 1107 1208 perpetuam

134 1224 302 1251 memoriam
320 1224 347 1249 in
365 1223 509 1257 publicam
524 1222 644 1248 formam
662 1222 840 1255 redigantur.

171 1271 370 1298 Rolanducius
392 1270 522 1297 Guidotti
542 1270 577 1296 de
597 1274 692 1296 castro
714 1269 828 1296 Priceni
847 1271 957 1304 juravit
972 1277 1108 1304 corpora-

134 1321 200 1346 liter
219 1321 303 1346 tactis
323 1318 518 1345 sacrosanctis
538 1318 696 1352 evangeliis
712 1318 807 1344 dicero
828 1326 942 1344 omnem
960 1319 1108 1344 veritatem

133 1377 219 1403 quam
236 1368 298 1403 ipse
313 1368 402 1394 sciret
416 1367 450 1392 de
467 1367 603 1393 omnibus
619 1367 780 1393 rationibus
796 1370 824 1392 et
835 1367 965 1401 justiciis
979 1371 1006 1392 et
1021 1366 1109 1392 rebus

135 1425 208 1451 quas
225 1416 306 1442 curia
320 1416 406 1442 habet
421 1416 466 1441 vel
482 1415 587 1441 habere
603 1415 688 1440 debet
710 1415 736 1441 in
759 1418 854 1441 castro
873 1414 985 1441 Priceni
1001 1418 1029 1440 et
1044 1416 1109 1448 ejus

134 1464 322 1500 pertinenciis
337 1464 415 1490 intus
430 1467 458 1489 et
473 1467 563 1494 extra,
581 1466 610 1489 et
624 1471 656 1489 ea
671 1471 727 1497 que
743 1463 862 1489 sciverit
878 1463 965 1489 michi
983 1463 1109 1489 Guidoni

135 1513 217 1540 Maizi
235 1514 345 1539 notai-lo
363 1512 525 1547 patefaciet,
543 1521 595 1538 nec
611 1521 626 1538 a
639 1520 684 1538 me
700 1512 816 1538 recedet
829 1513 921 1538 donec
938 1512 1064 1545 redigam
1081 1512 1109 1537 in

135 1562 254 1596 scriptis
266 1561 362 1588 omnia
374 1561 450 1587 dicta
466 1569 529 1588 sua.
541 1560 597 1593 Qui
610 1560 759 1587 Rotundus
771 1564 923 1595 postquam
940 1561 1109 1594 sicjuravit,

136 1611 206 1637 dixit
217 1611 445 1644 suojuramento
453 1609 528 1644 quod
536 1609 640 1635 domus
649 1609 774 1635 Abruini
784 1613 910 1635 ettotum
922 1609 1110 1635 tenimentum

136 1658 212 1693 quod
224 1658 279 1685 sub
296 1658 386 1684 fracta
400 1661 446 1684 est
458 1660 505 1683 est
520 1657 555 1683 de
569 1657 658 1684 curia.
676 1657 747 1683 Item
762 1657 833 1683 dixit
846 1656 922 1691 quod
938 1656 993 1682 due
1006 1657 1111 1683 domus

135 1715 208 1742 quas
224 1706 384 1732 Zabulinus
405 1709 483 1732 tenet
499 1710 568 1732 sunt
588 1705 623 1731 de
647 1705 727 1732 curia
751 1713 802 1740 pro
819 1705 926 1732 Grafio.
950 1705 1020 1731 Item
1040 1705 1112 1731 dixit

136 1755 214 1790 quod
230 1755 266 1781 de
275 1754 359 1781 feudo
370 1754 511 1781 Ansoaldi
523 1758 591 1780 sunt
600 1754 656 1780 due
666 1755 860 1788 domusjuxta
871 1753 987 1780 domum
1002 1753 1112 1780 Odonis

138 1806 167 1828 et
178 1802 295 1828 domum
313 1801 458 1828 Guidonis
468 1801 503 1827 de
519 1801 640 1828 Monaco
652 1810 708 1836 que
724 1806 793 1828 sunt
804 1802 838 1827 de
854 1802 934 1827 curia
957 1801 1029 1827 Item
1041 1801 1114 1827 dixit

136 1850 213 1886 quod
230 1858 280 1885 pro
297 1850 457 1884 presbitero
473 1849 615 1876 Rollando
629 1854 697 1876 sunt
712 1850 769 1876 due
786 1849 900 1881 domus,
919 1858 974 1876 una
990 1858 1112 1883 quarum

137 1903 183 1925 est
194 1900 279 1933 juxta
290 1898 408 1925 domum
423 1898 503 1925 Rose
518 1897 634 1929 Donati,
647 1899 701 1924 alia
713 1902 757 1924 est
767 1899 850 1931 juxta
866 1898 982 1924 domum
996 1897 1113 1924 Zavatte

136 1955 193 1981 que
218 1950 288 1974 sunt
311 1947 347 1973 de
369 1948 459 1973 ouria.
484 1946 556 1973 Item
583 1955 634 1981 pro
657 1946 820 1972 Marcoaldo
843 1950 889 1973 est
913 1947 987 1972 una²
1009 1946 1114 1972 domus

135 1997 220 2030 juxta
235 1995 353 2022 domum
371 1995 514 2022 Guidonis
535 1999 563 2021 et
573 1994 694 2021 ‘domum
711 1994 876 2021 Johannelli
896 1995 930 2020 de
946 1994 1045 2020 Scotta
1058 2002 1114 2028 que

137 2048 183 2071 est
197 2045 233 2071 de
248 2045 339 2071 curia.
355 2043 427 2070 Item
441 2044 546 2070 domus
559 2043 711 2078 presbiteri
723 2042 867 2069 Guidonis
884 2043 986 2068 Fronzi
1001 2047 1029 2069 et
1043 2043 1114 2069 cella
1147 2037 1149 2039 ¹

133 2095 219 2128 juxta
233 2092 420 2119 Osi-edacium
432 2095 460 2118 et
474 2091 628 2119 Girardum
641 2095 685 2117 est
699 2091 734 2117 de
750 2091 839 2117 curia.
858 2091 929 2117 Item
943 2091 1047 2117 domus
1057 2099 1115 2124 que

138 2145 184 2168 est
202 2142 288 2176 juxta
309 2141 504 2175 presbiterum
519 2140 643 2166 Jannem
660 2143 688 2166 et
703 2139 861 2173 Ugolinum
878 2138 1004 2165 Donnuli
1020 2142 1065 2165 est
1080 2138 1115 2165 de

137 2190 229 2222 curia,
247 2193 275 2215 et
291 2197 347 2216 una
363 2189 467 2215 domus
483 2196 539 2222 que
555 2192 599 2214 est
615 2191 681 2222 post
693 2187 809 2214 domum
826 2187 966 2214 Gualterii
981 2187 1116 2213 similiter

138 2241 183 2264 est
198 2237 234 2264 de
249 2237 330 2264 curia
344 2245 395 2271 pro
412 2237 536 2271 Rampo.
553 2236 626 2262 Item
643 2235 715 2262 dixit
730 2236 804 2261 idem
822 2235 1023 2261 Rolanducius
1037 2235 1115 2268 quod

137 2286 221 2313 vinea
237 2294 323 2320 quam
339 2285 455 2312 tenebat
471 2284 694 2311 Bai-tholomeus
715 2284 750 2310 de
771 2283 858 2310 Janni
879 2287 906 2309 et
928 2283 1072 2317 Ugolinus
1087 2287 1116 2309 et

139 2334 304 2362 Guiducius
319 2337 347 2360 et
367 2333 464 2360 Guilia
487 2332 610 2360 Balzana
627 2341 683 2367 que
699 2336 744 2359 est
764 2333 791 2358 in
815 2331 992 2358 Grotticellis
1007 2332 1042 2358 ab
1060 2340 1116 2359 una

138 2383 184 2409 via
200 2391 294 2418 usque
316 2382 351 2409 ad
367 2383 452 2409 aliam
472 2385 517 2408 est
535 2382 609 2408 inter
626 2382 738 2408 vineam
762 2381 885 2407 filiorum
907 2380 1072 2407 Anselinuli
1088 2384 1116 2408 et

139 2431 254 2458 vineam
277 2430 444 2457 Scarlattini
467 2433 512 2456 est
534 2429 568 2456 de
593 2429 673 2456 curia
693 2437 744 2464 pro
768 2428 943 2460 Baccasevo,
965 2431 994 2454 et
1014 2432 1058 2455 est
1080 2429 1115 2455 ad

139 2487 157 2507 v
175 2479 220 2505 vel
241 2487 270 2506 w
289 2487 406 2514 zappas.
426 2478 500 2504 Item
521 2477 594 2504 dixit
613 2477 690 2512 quod
710 2478 793 2503 vinea
811 2485 897 2511 quam
914 2477 1051 2503 tenebant
1065 2478 1116 2504 filii

139 2527 287 2554 Macoalde
302 2530 330 2553 et
345 2526 496 2553 Johannes
511 2526 547 2552 de
563 2525 732 2560 Busignano
753 2533 810 2559 que
834 2525 893 2558 [est]
913 2525 987 2551 inter
1002 2525 1116 2552 vineam

140 2575 209 2602 Saxi
224 2579 252 2602 et
268 2575 418 2602 Ofreducii
433 2577 461 2600 et
476 2574 565 2609 ripam
583 2577 611 2600 et
626 2573 702 2599 viam
718 2581 774 2607 qua
790 2573 848 2599 itur
867 2573 902 2599 ad
918 2573 1116 2600 molendinum

141 2623 282 2651 Gualterii
295 2626 340 2649 est
355 2623 389 2649 de
405 2623 485 2649 curia
498 2630 549 2657 pro
562 2621 686 2656 Rampo,
704 2625 732 2648 et
748 2624 793 2648 est
807 2621 842 2647 ad
858 2629 897 2648 ΧΗ
913 2630 1028 2656 zappas.
1042 2621 1116 2648 Item

143 2771 170 2798 1.
186 2770 328 2802 Proceno,
343 2769 376 2797 30
391 2769 460 2796 aout
476 2768 556 2795 1196.
571 2782 607 2788 —
621 2767 772 2799 Muratori‚
789 2769 866 2799 Ant..
884 2770 904 2793 t.
922 2767 960 2799 ΙΙ,
977 2776 1005 2802 p.
1022 2767 1066 2795 89.
1083 2783 1117 2788 —

107 2818 240 2853 Enquete
255 2818 322 2844 faite
337 2825 388 2844 sur
404 2817 447 2843 les
462 2817 553 2843 droits
569 2816 712 2851 regaliens
724 2817 740 2842 a
751 2815 882 2842 Proceno
895 2816 943 2849 (cf.
956 2816 1116 2848 ei-dessus‚

108 2873 151 2894 11⁰⁵
159 2866 224 2893 CIV
235 2870 263 2893 et
271 2865 376 2898 CXII),
387 2874 437 2900 par
448 2865 533 2891 ordre
544 2865 582 2891 du
593 2865 650 2891 duc
662 2864 835 2890 deToscane
847 2864 986 2899 Philippe,
997 2864 1071 2890 frere
1082 2864 1118 2891 de

107 2915 281 2950 l’empereur
288 2913 377 2940 Heni-i
385 2912 437 2947 VI,
445 2921 495 2948 par
501 2913 607 2940 devant
614 2912 884 2946 Mai-sile,chfitelain
893 2911 927 2938 de
936 2911 1116 2938 Radieofani.

143 2963 170 2990 2.
188 2963 251 2990 God.
270 2970 356 2989 unus.

251 3036 337 3063 Lmen
355 3035 500 3063 Csxsuuu.
518 3048 555 3055 —
573 3034 596 3062 Ι.

1224 927 1293 953 dixit
1315 926 1391 960 quod
1416 927 1497 951 vinea
1521 934 1604 959 quum
1628 927 1741 952 tenebat
1764 926 1953 956 Scai-lattinus
1975 939 2030 964 que
2050 936 2094 957 est
2117 933 2192 958 inter

1224 974 1340 1000 Ezalum
1365 974 1562 999 Cruacconum
1589 978 1615 999 et
1638 973 1746 1000 Barium
1765 980 1809 1001 est
1831 976 1865 1001 de
1889 978 1967 1003 curia
1987 988 2036 1012 pro
2060 979 2142 1005 Piero
2158 979 2192 1005 de

1226 1023 1369 1053 StranibQ
1387 1026 1415 1048 et
1428 1026 1472 1048 est
1483 1023 1515 1047 ad
1530 1031 1568 1048 1111
1580 1030 1692 1056 zappas.
1711 1022 1780 1048 Item
1799 1024 1867 1050 dixit
1882 1026 1956 1058 qnod
1973 1028 2055 1053 vinea
2070 1036 2124 1061 qut¹
2142 1028 2194 1054 fuit

1226 1071 1400 1106 Spallafrede
1423 1079 1477 1104 que
1499 1076 1541 1095 est
1568 1072 1640 1096 inter
1663 1070 1865 1098 Searlattinuin
1889 1077 1916 1099 et
1944 1074 2142 1101 Boccaiamam
2165 1080 2193 1101 et

1226 1118 1341 1145 Bertam
1358 1123 1386 1144 et
1402 1120 1475 1144 viam
1492 1122 1536 1143 est
1551 1117 1584 1143 de
1601 1118 1689 1143 curia.
1711 1118 1779 1144 ltem
1797 1120 1866 1145 dixit
1880 1122 1953 1154 quor]
1973 1123 2053 1147 vinea
2068 1132 2124 1157 que
2141 1123 2193 1149 fuit

1226 1168 1377 1202 presbiteri
1393 1166 1534 1193 Guidonis
1553 1166 1651 1191 Fronzi
1669 1175 1724 1200 que
1741 1171 1783 1193 ost
1801 1168 1873 1193 inter
1894 1170 2003 1195 vineam
2024 1171 2150 1205 episcopi
2167 1176 2195 1197 et

1226 1216 1379 1251 presbiteri
1393 1215 1478 1241 Janni
1497 1214 1598 1240 Fronzi
1615 1219 1642 1240 et
1662 1214 1836 1241 Benecasam
1853 1216 1978 1243 Stroian'i
1995 1222 2038 1243 est
2054 1219 2088 1244 de
2105 1220 2193 1249 curia,

1227 1268 1254 1291 et
1270 1268 1315 1290 est
1327 1264 1361 1290 ad
1377 1272 1415 1290 iiii
1431 1272 1546 1297 zappas.
1564 1262 1636 1288 Item
1650 1264 1732 1288 vinea
1748 1272 1803 1297 quc
1819 1265 1871 1290 fuit
1884 1265 1957 1291 Pieri
1971 1267 2122 1300 presbiteri
2138 1267 2196 1293 Do-

1228 1312 1324 1339 minici
1341 1320 1427 1346 quam
1444 1312 1559 1337 tenebat
1574 1311 1692 1336 Carinzo
1708 1311 1762 1337 sub
1774 1312 1862 1337 fracta
1874 1314 1958 1346 juxta
1977 1314 2137 1339 Abi-ninum
2153 1318 2197 1340 est

1227 1361 1262 1387 de
1278 1361 1372 1394 curia,
1389 1364 1417 1386 et
1432 1364 1477 1386 est
1492 1360 1524 1385 ad
1542 1368 1568 1385 xi
1585 1368 1699 1393 zappaS.
1722 1359 1793 1385 Item
1810 1360 1881 1386 dixit
1897 1361 1971 1394 quod
1990 1362 2072 1387 vinea
2091 1362 2197 1388 I’ezan-

1227 1410 1337 1435 ventris
1354 1410 1406 1435 sub
1431 1409 1518 1434 fracta
1535 1407 1762 1442 juxtajudicem
1787 1412 1815 1434 et
1838 1408 2021 1435 Radolfulum
2043 1410 2149 1436 Calruli
2170 1414 2199 1436 et

1228 1457 1311 1483 vinea
1327 1461 1372 1482 est
1388 1457 1422 1482 de
1438 1457 1533 1489 curia,
1555 1461 1582 1482 et
1604 1460 1647 1481 est
1669 1456 1702 1481 ad
1723 1455 1795 1481 duas
1815 1465 1928 1490 zappas.
1948 1457 2019 1483 Item
2036 1458 2106 1484 dixit
2122 1458 2198 1492 quod

1228 1506 1339 1532 Lardns
1355 1510 1382 1531 et
1402 1504 1495 1531 Guido
1517 1504 1551 1530 de
1568 1504 1787 1538 Montepuizano
1804 1509 1831 1530 et
1847 1509 1955 1531 costam
1972 1510 2070 1531 tenent
2085 1515 2100 1532 a
2119 1507 2199 1533 curia

1228 1555 1311 1580 vinea
1327 1554 1382 1579 sub
1397 1553 1483 1578 fracta
1499 1552 1531 1578 ad
1551 1552 1788 1583 znezoiial(0111)et
1804 1557 1871 1578 sunt
1887 1553 1921 1578 de
1936 1554 2025 1579 curia.
2041 1553 2110 1580 Item
2128 1554 2199 1581 dixit

1228 1602 1303 1636 quod
1322 1603 1403 1627 vinea
1420 1610 1475 1634 que
1492 1601 1545 1626 fuit
1563 1600 1675 1626 I’eicelli
1694 1600 1880 1626 Pandetonnu
1898 1608 1982 1634 quani
2001 1602 2114 1627 tenebat
2129 1602 2198 1628 Jan-

1229 1651 1339 1676 nuzalis
1355 1654 1383 1675 et
1399 1649 1555 1675 Gratianus
1575 1653 1603 1674 et
1620 1649 1760 1682 presbiter
1777 1648 1973 1675 Aldribandus
1989 1658 2043 1683 que
2065 1654 2109 1675 est
2126 1651 2199 1676 inter

1230 1700 1342 1725 vincam
1361 1698 1500 1724 Macaruti
1516 1702 1544 1723 et
1561 1698 1691 1730 rinealm]
1715 1697 1788 1722 Pieri
1804 1696 1912 1723 Calvuli
1928 1702 1956 1723 et
1973 1697 2071 1724 Blanci
2093 1702 2120 1724 et
2142 1698 2198 1724 Be-

1230 1755 1333 1774 necase
1352 1746 1492 1772 Mari-onis
1506 1750 1531 1771 et
1549 1746 1620 1771 viam
1634 1745 1776 1779 publicam
1789 1749 1833 1770 est
1850 1745 1885 1770 de
1898 1747 1988 1778 curia,
2005 1749 2032 1771 et
2043 1751 2086 1772 ost
2103 1747 2136 1772 ad
2151 1755 2198 1773 viii

1230 1804 1344 1831 zappas.
1371 1795 1442 1821 Item
1460 1794 1530 1820 dixit
1546 1794 1621 1828 quod
1640 1795 1720 1819 vinea
1736 1802 1791 1827 que
1808 1794 1860 1819 fuit
1882 1793 1997 1820 Mazocli
2014 1803 2096 1828 quam
2115 1795 2201 1821 habet

1231 1844 1387 1872 Grumolus
1401 1844 1484 1877 juxta
1500 1843 1644 1868 fontanam
1658 1842 1830 1867 interlecave
1847 1845 1891 1867 est
1907 1841 1940 1867 de
1954 1843 2044 1872 curia,
2062 1847 2089 1867 et
2105 1847 2150 1868 est
2165 1843 2200 1868 ad

1229 1901 1257 1920 vi
1273 1900 1378 1926 zappas
1393 1895 1421 1917 et
1436 1891 1553 1917 coheret
1568 1890 1659 1915 cidem
1675 1890 1755 1915 vinee
1773 1890 1854 1915 vinea
1870 1890 1946 1916 Grafi
1963 1900 1978 1915 a
1995 1891 2070 1916 Pede
2086 1899 2141 1924 que
2156 1895 2201 1917 est

1233 1943 1308 1967 inter
1332 1941 1443 1966 vineam
1470 1938 1675 1964 Pezanventris
1699 1947 1783 1972 quam
1809 1938 1895 1964 habet
1921 1938 2015 1964 Guido
2043 1939 2077 1964 de
2105 1939 2202 1965 Monte

1232 1989 1357 2015 Pulzano
1371 1996 1428 2022 que
1444 1991 1488 2012 est
1506 1987 1579 2012 inter
1600 1986 1770 2012 Zabulinum
1787 1989 1814 2011 et
1830 1985 2048 2012 Guilielminum
2067 1991 2095 2012 et
2111 1987 2200 2013 filium

1231 2039 1381 2065 Meianelle
1397 2042 1425 2064 et
1441 2037 1615 2063 Cittadinum
1633 2041 1661 2062 et
1678 2036 1847 2062 Robertum.
1860 2036 1931 2062 Item
1944 2036 2016 2063 dixit
2027 2037 2101 2071 quod
2120 2037 2202 2063 vinea

1231 2088 1309 2115 Grafi
1325 2095 1410 2121 quam
1427 2086 1512 2112 habet
1524 2085 1682 2111 Zabnlinus
1693 2094 1748 2118 que
1759 2089 1802 2111 est
1815 2086 1888 2111 inter
1903 2085 2072 2111 Gruniolum
2085 2090 2112 2112 et
2124 2085 2203 2112 Rus-

1232 2137 1357 2163 ticellum
1376 2135 1458 2161 Pinte
1472 2138 1500 2160 et
1516 2142 1649 2168 campum
1666 2133 1734 2159 Saxi
1746 2138 1772 2159 et
1786 2133 1902 2159 Mazocli
1916 2138 1959 2159 est
1971 2134 2005 2159 de
2017 2134 2104 2164 curia,
2119 2138 2147 2160 et
2158 2138 2203 2160 est

1232 2185 1266 2212 ad
1293 2194 1308 2211 ii
1330 2192 1446 2218 zappaS.
1467 2183 1540 2209 Item
1563 2183 1634 2208 dixit
1656 2182 1733 2216 quod
1756 2182 1839 2208 vinea
1859 2190 1915 2215 que
1938 2182 1990 2207 fuit
2008 2182 2160 2208 Marcoaldi
2176 2186 2204 2208 et

1232 2233 1383 2268 presbiteri
1411 2231 1532 2258 Rolandi
1554 2239 1610 2264 que
1633 2233 1677 2256 est
1699 2231 1772 2256 inter
1793 2230 1900 2255 Saxum
1924 2234 1951 2255 et
1976 2230 2152 2263 Mazapalum
2177 2234 2205 2256 et

1231 2282 1341 2308 flumen
1364 2285 1392 2307 et
1411 2280 1544 2306 Judicem
1562 2284 1589 2305 et
1612 2279 1803 2304 Rusticellum
1826 2282 1870 2304 est
1891 2278 1925 2304 de
1947 2279 2044 2307 curia,
2062 2283 2090 2303 et
2109 2282 2154 2304 est
2170 2278 2204 2304 ad

1232 2338 1270 2356 ΧΠ
1286 2336 1400 2363 zappas.
1418 2327 1490 2354 Item
1506 2327 1577 2353 dixit
1591 2326 1667 2360 quod
1685 2326 1767 2351 vinea
1779 2334 1833 2359 que
1845 2326 1898 2351 fuit
1914 2325 2027 2351 Martini
2045 2325 2206 2352 Pocuserni

1232 2377 1266 2403 de
1290 2376 1422 2402 Flumine
1442 2379 1470 2401 et
1490 2375 1524 2400 de
1545 2374 1680 2400 Novitina
1704 2377 1732 2399 et
1753 2374 1837 2399 aliam
1859 2381 1944 2406 quam
1968 2373 2083 2399 tenebat
2100 2373 2206 2400 Petrus

1232 2424 1398 2451 Pocusonni
1415 2424 1448 2450 ab
1465 2423 1518 2449 alia
1535 2426 1615 2457 parte
1631 2425 1675 2448 est
1691 2421 1725 2447 de
1742 2422 1831 2448 curia.
1848 2420 1921 2446 Item
1943 2421 2014 2447 dixit
2029 2420 2104 2454 quod
2122 2422 2205 2447 vinea

1232 2481 1288 2507 que
1302 2473 1356 2498 fuit
1372 2471 1524 2506 presbiteri
1541 2469 1664 2496 Rolandi
1680 2469 1714 2495 de
1725 2468 1834 2495 Cotoue
1849 2472 1894 2494 est
1906 2468 1941 2494 de
1958 2469 2048 2501 curia,
2065 2472 2093 2494 et
2110 2472 2154 2495 est
2169 2469 2204 2495 ad

1230 2529 1248 2548 v
1263 2529 1379 2555 zappas.
1396 2519 1469 2545 Item
1491 2519 1564 2544 dixit
1581 2517 1657 2552 quod
1679 2517 1734 2543 due
1749 2517 1832 2543 vinee
1849 2516 1952 2550 Rampi
1969 2517 1997 2542 in
2013 2525 2086 2550 aqua
2105 2516 2205 2543 Latula

1232 2573 1302 2597 sunt
1316 2569 1350 2595 de
1367 2568 1455 2595 curia.
1473 2567 1546 2593 Item
1566 2566 1638 2592 dixit
1658 2565 1734 2599 quod
1751 2566 1834 2591 vinee
1849 2572 1922 2598 quas
1937 2568 2016 2590 tenet
2031 2564 2124 2590 Guido
2141 2564 2204 2590 Mo-

1234 2618 1296 2645 naci
1312 2617 1366 2644 sub
1380 2617 1469 2642 fracta
1483 2618 1552 2642 sunt
1563 2614 1597 2640 de
1609 2614 1689 2640 curia
1699 2616 1727 2639 et
1743 2612 1826 2639 vinea
1841 2621 1896 2646 que
1909 2616 1954 2639 est
1964 2613 2019 2638 sub
2034 2612 2113 2638 curia
2125 2613 2207 2639 simi-

1232 2667 1296 2693 liter
1312 2674 1362 2701 pro
1379 2664 1539 2700 presbitero
1556 2662 1697 2689 Rolando.
1710 2662 1782 2688 Item
1794 2661 1866 2687 dixit
1881 2660 1957 2695 quod
1973 2668 2093 2695 campus
2110 2660 2207 2687 Zabu-

1233 2715 1283 2741 lini
1306 2714 1341 2740 de
1363 2712 1488 2747 Greppis
1508 2715 1554 2738 est
1576 2710 1610 2736 de
1633 2711 1712 2736 curia
1735 2717 1823 2743 prope
1844 2708 2005 2735 Zanuenire
2022 2712 2050 2735 et
2072 2712 2116 2735 est
2132 2709 2207 2735 inter

1233 2763 1309 2789 viam
1325 2761 1469 2788 Guidonis
1485 2759 1598 2786 Monaci
1613 2762 1642 2784 et
1664 2757 1800 2784 Zuccam.
1821 2756 1893 2783 Item
1909 2757 1982 2783 dixit
1996 2757 2072 2791 quod
2086 2765 2208 2790 campus

1234 2819 1319 2847 quem
1332 2813 1410 2837 tenet
1421 2809 1516 2836 Guido
1528 2807 1639 2834 Monaci
1653 2815 1702 2841 pro
1714 2805 1882 2832 Cavasenno
1893 2806 1929 2832 de
1944 2805 2039 2832 Cornu
2055 2806 2088 2831 de
2105 2805 2207 2832 Fracta

1235 2864 1263 2886 et
1279 2867 1381 2886 omnes
1395 2858 1442 2884 alii
1458 2857 1492 2882 de
1513 2855 1668 2882 Casentieu
1687 2858 1716 2880 et
1731 2854 1766 2880 de
1781 2854 1857 2880 Silce
1872 2858 1899 2879 et
1920 2854 1955 2879 de
1971 2853 2112 2880 casaletio
2128 2858 2156 2880 et
2172 2854 2208 2880 de

1235 2907 1411 2935 Retentiano
1436 2909 1465 2931 et
1485 2904 1520 2930 de
1543 2903 1717 2938 Acceptorio
1740 2906 1767 2928 et
1788 2903 1814 2927 in
1839 2901 1963 2928 Corneto
1985 2905 2013 2927 et
2039 2902 2065 2927 in
2087 2901 2160 2928 Jove
2181 2906 2210 2929 et

1239 2956 1414 2989 ubicumque
1428 2957 1473 2979 est
1486 2953 1541 2979 hoc
1556 2951 1632 2986 quod
1649 2950 1702 2977 fuit
1720 2950 1881 2976 Cavasenni
1899 2958 1949 2984 pro
1964 2949 2049 2975 feudo
2065 2949 2210 2976 Guidonis

2036 3025 2069 3051 ΤΟ
