2392 3571
156 337 211 365 578
693 330 742 359 LE
766 329 908 358 LIBER
930 325 1162 357 CENSUUM
1185 325 1239 354 DE
1262 316 1446 353 L'EGLISE
1470 322 1676 353 ROMAINE.

226 402 256 427 In
275 400 386 426 nomine
409 398 536 428 Domini,
560 405 650 423 amen.
674 397 757 422 Anno
773 395 886 422 Domini
907 393 1141 424 MCCXXXVH,

192 449 345 476 indictione
358 447 408 477 xl,
422 451 546 480 tempore
559 446 664 471 domini
681 445 810 479 Gregorii
824 444 906 470 VIIII
921 452 989 478 pape
1003 452 1075 469 anno
1088 442 1141 474 XI,

192 502 290 524 octavo
311 496 354 521 die
379 499 500 521 exeunte
524 502 620 520 mense
641 493 753 527 aprelis.
780 493 876 519 Pateat
898 493 1031 518 omnibus
1053 491 1142 517 mani-

192 547 263 572 feste
286 544 360 579 quod
382 545 408 570 in
430 543 570 578 presentia
591 543 645 568 mei
666 542 796 575 Gregorii
817 545 999 568 sacrosancte
1014 540 1143 566 Romane

192 594 312 621 ecclesie
345 591 486 619 scriniarii
522 595 549 617 et
582 591 808 624 subscriptorum
852 591 967 616 testium
1008 589 1143 622 magister

192 642 353 670 Alexander
377 641 558 675 cappellanus
585 644 613 666 et
637 641 748 674 legatus
778 640 942 674 Apostolice
972 638 1053 664 Sedis
1079 646 1144 664 con-

193 692 281 719 cessit
310 694 337 716 et
365 689 442 716 dedit
469 689 583 715 domine
616 688 748 715 Adelasie
777 689 859 714 uxori
888 687 992 713 domini
1022 686 1145 713 Hubaldi

188 740 295 775 judicis
311 738 498 765 Galluriensis
515 738 636 772 filiisque
653 738 716 771 ejus
733 737 867 770 legitimis
883 745 933 771 pro
948 736 1007 770 ipsa
1023 735 1145 761 ecclesia

194 789 320 815 Romana
336 791 436 813 terram
456 786 602 820 judicatus
623 786 765 811 Turritani
786 789 812 811 et
833 785 927 811 omnia
947 784 998 810 alia
1015 792 1070 818 que
1091 784 1145 810 sibi

194 837 361 863 hereditario
374 837 439 869 jure
456 835 598 869 pertinent
613 838 668 860 tam
684 835 709 860 in
727 834 855 860 Sardinia
871 842 952 868 quam
970 833 996 859 in
1012 833 1127 859 Corsica
1139 855 1145 866 ,

195 886 278 919 Pisis,
297 884 391 910 Massa
406 888 433 910 et
449 884 512 909 aliis
532 883 612 911 locis.
636 882 696 915 Que
713 883 807 909 omnia
828 883 993 916 recognovit
1008 881 1081 907 dicta
1097 881 1145 907 do-

192 934 266 960 mina
284 932 416 959 Adelasia
431 932 465 958 ad
482 931 639 958 Romanam
657 931 806 957 ecclesiam
825 931 974 965 pertinere.
994 930 1027 956 Et
1042 930 1076 955 ‹le
1091 929 1147 956 liiis

192 982 325 1009 omnibus
338 989 399 1007 eam
417 981 572 1011 investivit,
584 980 622 1007 ita
638 984 730 1007 tamen
743 980 817 1014 quod
833 980 857 1005 si
874 980 980 1013 absque
997 979 1061 1005 filiis
1076 979 1147 1012 legi-

193 1031 269 1057 timis
291 1029 451 1061 decederet,
473 1033 545 1055 terra
561 1029 623 1064 ipsa
644 1032 671 1054 et
691 1029 784 1054 omnia
799 1028 851 1054 alia
867 1028 938 1053 bona
954 1027 1045 1061 ipsius
1061 1027 1148 1052 libere

191 1079 224 1105 ad
240 1079 396 1106 Romanam
413 1078 563 1104 ecclesiam
578 1078 663 1111 cujus
678 1080 745 1103 sunt
760 1079 945 1103 revertantur.

228 1136 332 1161 Actum
348 1134 374 1160 in
394 1133 494 1168 palatio
511 1133 590 1167 regni
605 1133 748 1159 Turritani
766 1132 800 1158 de
819 1131 940 1162 Ardera,
962 1139 1056 1158 coram
1078 1131 1148 1157 sub-

193 1183 308 1217 scriptis
329 1182 451 1208 testibus
463 1203 469 1214 ‚
490 1181 621 1207 videlicet
636 1181 750 1206 domino
765 1180 914 1206 Lamberto
931 1180 1030 1206 abbate
1046 1178 1079 1205 de
1096 1178 1149 1205 Fa-

195 1233 272 1264 lesia,
286 1231 421 1265 magistro
431 1229 597 1256 Benencasa
610 1229 747 1255 canonico
763 1228 858 1254 Sancti
873 1228 1018 1254 Michaelis
1031 1227 1147 1260 Lucani,

195 1279 348 1307 Benedicto
378 1278 480 1304 clerico
508 1277 541 1303 de
571 1277 684 1308 Aluti-o,
711 1276 777 1302 Vito
801 1276 982 1311 presbytero,
1009 1275 1094 1301 Paulo
1121 1279 1149 1301 et

192 1329 322 1355 ,iohanne
337 1327 371 1353 de
387 1326 484 1352 ordine
502 1326 629 1352 Fratrum
648 1325 797 1355 Minoruni,
815 1324 944 1350 Johannc
958 1328 985 1350 et
995 1324 1148 1350 Tliomasio

193 1378 226 1404 de
245 1377 349 1407 Alatro,
368 1376 498 1402 Johanne
514 1377 620 1409 majore
635 1374 669 1400 de
685 1382 794 1400 camera
811 1378 838 1400 et
854 1374 950 1399 multis
965 1373 1038 1399 aliis.

228 1433 288 1467 Ego
304 1431 462 1465 Gregorius
482 1434 662 1456 sacrosancte
684 1429 811 1455 Romane
827 1429 947 1455 ecclesie
964 1428 1130 1454 scriniarius
1142 1449 1148 1459 ‚

193 1482 226 1507 de
248 1481 376 1507 mandato
399 1479 465 1505 dicti
487 1479 592 1505 domiui
615 1478 698 1512 legati
724 1478 777 1503 hoc
802 1477 1022 1503 instrumentum
1046 1477 1148 1510 scripsi

193 1534 220 1556 et
236 1529 374 1563 complevi
395 1536 514 1561 meoque
534 1527 616 1561 signo
637 1526 747 1560 signavi
769 1528 796 1551 et
819 1526 845 1551 in
869 1526 1008 1560 publicam
1030 1525 1148 1551 formam

195 1578 301 1612 redegi.

228 1633 262 1659 Et
276 1641 329 1666 ego
344 1631 479 1658 Nicolaus
497 1630 667 1656 Ferentinus
683 1633 780 1656 sancte
797 1629 925 1655 Romane
940 1629 1061 1655 ecclesie
1078 1629 1150 1655 scri-

194 1682 302 1708 niarius
325 1681 379 1706 hoc
400 1680 619 1705 instrumentum
637 1678 712 1704 sicut
735 1678 830 1704 inveni
848 1678 873 1703 in
894 1677 1020 1711 predicto
1037 1677 1149 1711 publico

194 1733 222 1757 et
236 1729 380 1756 autentico
401 1729 602 1758 instrumento,
621 1727 657 1753 nil
678 1726 786 1752 addens
808 1726 850 1751 vel
871 1726 1003 1752 minuens
1023 1726 1066 1751 vel
1087 1734 1150 1751 mu-

193 1782 271 1809 tans,
289 1778 435 1803 actoritate
451 1775 529 1802 sedis
545 1775 701 1810 apostolice
716 1774 750 1800 de
766 1774 853 1800 verbo
869 1774 903 1800 ad
919 1774 1036 1800 verbum
1053 1782 1150 1800 exem-

195 1827 268 1861 plavi
284 1829 312 1852 et
327 1825 441 1859 signum
458 1824 521 1850 feci.

165 2012 366 2046 [CCCXXVII.
383 2027 416 2031 —
432 2011 474 2037 Da
486 2019 613 2038 iunicum
628 2010 771 2043 Annona,
787 2018 831 2040 QUi
844 2018 966 2037 ‘reum-un
983 2019 1015 2036 ΑΒ
1027 2018 1152 2036 accessu

198 2061 316 2088 Rouana
328 2063 346 2086 ¹.

231 2177 249 2209 †
271 2175 303 2201 In
324 2175 437 2201 nomine
455 2174 560 2200 domini
581 2175 672 2201 nostri
685 2173 757 2200 Jesu
773 2173 888 2200 Christi.
910 2173 973 2199 Hoc
992 2177 1036 2199 est
1055 2181 1154 2199 exem-

198 2225 274 2259 plum
290 2224 439 2258 cujusdam
457 2223 559 2257 publici
574 2222 757 2249 instrumenti
769 2222 862 2256 sigillo
875 2222 1006 2256 plumbeo
1020 2221 1154 2256 pendenti

199 2273 312 2307 signati.
328 2273 414 2306 hujus
431 2272 538 2298 tenoris
554 2282 560 2298 :

233 2327 265 2354 In
285 2328 398 2354 nomine
419 2326 549 2360 Domini,
571 2335 663 2354 amen.
680 2327 765 2353 Anno
782 2326 896 2352 Domini
912 2325 1153 2359 MCCXXXVII,

198 2377 352 2403 indictione
366 2375 418 2406 XI,
435 2379 562 2410 tempore
576 2375 684 2401 domini
695 2375 826 2409 Gregorii
838 2374 922 2400 Villi
933 2382 1004 2409 pape
1016 2382 1089 2400 anno
1102 2374 1153 2406 XI,

198 2425 281 2451 tertia
296 2424 340 2450 die
355 2428 478 2450 exeunte
494 2432 591 2450 mense
608 2424 721 2458 aprelis.
739 2423 837 2450 Pateat
855 2423 989 2449 omnibus
1006 2422 1155 2449 manifeste

199 2473 273 2507 quod
298 2473 324 2499 in
351 2473 492 2507 presentia
515 2473 570 2498 mei
595 2472 725 2506 Gregorii
750 2475 931 2498 sacrosancte
958 2471 1087 2497 Romane
1108 2479 1156 2497 ec-

200 2521 285 2548 clesie
300 2521 439 2548 scriniarii
455 2525 482 2547 et
497 2521 725 2555 subscriptorum
741 2520 875 2551 testium,
895 2519 1031 2546 dominus
1054 2519 1156 2546 Petrus

168 2727 206 2753 Le
219 2728 293 2762 legat
303 2727 463 2753 Alexandra
478 2726 594 2753 investit
606 2726 739 2752 Adelasia
752 2726 787 2752 de
799 2726 994 2760 lajudicature
1005 2726 1040 2753 de
1053 2727 1158 2754 Torres

168 2779 195 2802 et
210 2775 244 2801 de
259 2780 324 2802 tous
338 2775 379 2801 les
395 2775 540 2801 doniaines
561 2774 662 2809 qu’elle
679 2775 748 2801 tient
763 2774 801 2801 du
817 2774 1016 2809 saint-siege,
1033 2779 1094 2802 tant
1109 2783 1159 2802 sur

168 2823 194 2849 le
209 2824 354 2850 continent
368 2831 423 2857 que
439 2823 510 2849 dans
525 2823 566 2850 les
582 2823 644 2849 iles.

206 2872 230 2897 1.
246 2871 419 2902 Bonarcado,
435 2871 468 2898 28
484 2871 553 2897 avril
570 2871 647 2899 1237.
663 2885 698 2892 —
713 2871 858 2902 Muratori,
876 2872 952 2905 Ant„
970 2874 990 2898 t.
1008 2871 1060 2905 VI,
1074 2881 1101 2907 p.
1115 2872 1157 2898 15.

167 2932 203 2939 -—
218 2918 326 2951 Pieri-e,
343 2921 414 2954 juge
435 2919 608 2952 d’Arborea,
630 2921 707 2955 prete
732 2923 858 2947 serment
879 2921 912 2946 de
936 2920 1040 2947 fidelite
1056 2922 1070 2947 a
1087 2921 1158 2947 Gre-

171 2967 249 3001 goire
265 2966 318 2995 IX.

1259 390 1347 424 judex
1369 390 1495 415 Arboree
1518 389 1646 423 publice,
1668 391 1770 423 sponte
1793 391 1821 414 et
1844 396 1898 413 non
1921 390 2038 413 coactus
2063 395 2222 421 recognos-

1259 446 1328 464 cens
1344 438 1493 463 ecclesiam
1512 437 1669 463 Romanam
1691 444 1756 462 esse
1777 439 1895 462 matrem
1916 438 1943 461 et
1963 434 2105 461 dominam
2123 442 2220 465 suam,

1260 487 1411 512 confessus
1433 490 1475 511 est
1495 494 1527 511 se
1547 485 1666 516 habere,
1688 488 1785 511 tenere
1806 487 1833 510 et
1855 482 2002 518 possidere
2021 490 2140 516 regnum
2160 482 2223 508 sive

1257 535 1415 569 judicatum
1442 534 1569 560 Arboree
1598 533 1631 558 ab
1663 533 1784 559 ecclesia
1806 531 1936 558 Romana
1964 534 1992 557 et
2023 539 2071 565 pro
2100 529 2222 556 ecclesia

1261 582 1400 609 Romana.
1436 582 1490 608 Pro
1519 590 1574 616 quo
1605 581 1726 607 ecclesie
1758 581 1886 607 Romane
1913 584 1941 606 et
1970 580 2084 605 domino
2113 579 2222 613 Grego-

1262 632 1302 658 rio
1321 630 1403 656 VIlII
1424 639 1494 665 pape
1515 634 1635 664 ejusque
1656 629 1875 656 successoribus
1895 629 2031 655 canonice
2052 627 2223 654 intrantibus

1258 681 1452 714 juramentum
1472 679 1613 705 fidelitatis
1630 678 1762 712 prestitit,
1779 677 1937 713 predictum
1950 679 2144 711 juramentum
2161 684 2222 702 ma-

1263 728 1352 763 gistro
1376 727 1537 754 Alexandro
1559 727 1704 761 capellano
1729 731 1757 753 et
1779 726 1872 760 legato
1893 725 1971 752 sedis
1993 725 2148 760 apostolice
2170 732 2221 759 pro

1262 778 1392 804 Romana
1413 777 1534 803 ecclesia
1553 780 1581 802 et
1601 776 1714 802 domino
1736 784 1807 810 papa
1830 776 2002 809 recipiente,
2026 775 2113 808 cujus
2134 774 2224 800 foi-ma

1263 826 1328 852 talis
1343 830 1387 852 est
1404 836 1408 851 :

1301 892 1313 905 a
1329 881 1389 915 Ego
1402 880 1491 915 judex
1514 880 1615 906 Petrus
1633 879 1760 906 Arboree
1780 879 1814 905 ab
1832 879 1885 905 hac
1906 879 1975 905 hora
1990 879 2018 905 in
2034 881 2117 904 antea
2133 877 2226 904 fidelis

1263 938 1311 956 ero
1328 933 1355 955 et
1371 929 1506 955 obediens
1526 929 1607 955 beato
1631 928 1714 954 Petro
1735 932 1891 961 sancteque
1912 926 2039 953 Romane
2060 926 2182 953 ecclesie
2197 928 2226 952 et

1264 979 1377 1005 domino
1395 987 1455 1005 meo
1474 987 1543 1012 pape
1559 978 1699 1011 Gregorio
1714 977 1836 1011 ejusque
1850 975 2071 1001 successoribus
2087 973 2224 1000 canonice

1263 1027 1444 1054 intrantibus.
1461 1027 1524 1052 Non
1538 1035 1586 1052 ero
1602 1026 1627 1051 iu
1645 1026 1729 1058 sacto,
1748 1025 1842 1050 necin
1859 1023 1934 1049 dicto
1952 1031 2043 1057 neque
2060 1023 2086 1048 in
2103 1022 2225 1048 consilio

1266 1079 1296 1101 ut
1311 1075 1372 1109 ipse
1384 1075 1426 1100 vel
1442 1075 1552 1108 legatus
1568 1073 1629 1099 sive
1643 1073 1760 1098 nuntius
1773 1073 1836 1106 ejus
1848 1072 1933 1097 vitam
1946 1071 2063 1105 perdant
2074 1073 2122 1096 aut
2136 1078 2226 1096 mem-

1265 1125 1347 1150 brum
1370 1123 1411 1148 vel
1435 1122 1583 1156 capiantur
1608 1121 1680 1146 mala
1704 1121 1845 1155 captione.
1871 1119 2027 1145 Consilium
2053 1118 2129 1153 quod
2156 1118 2227 1144 mihi

1265 1172 1398 1198 dominus
1416 1180 1484 1204 papa
1504 1169 1666 1195 crediturus
1685 1173 1729 1195 est
1747 1177 1796 1203 per
1817 1177 1847 1194 se
1864 1169 1907 1194 vel
1924 1177 1973 1202 per
1989 1168 2084 1194 literas
2100 1168 2160 1193 sive.
2177 1174 2228 1202 per

1266 1221 1396 1246 nuntium
1409 1227 1504 1251 suuni,
1519 1227 1562 1244 me
1574 1218 1682 1244 sciente
1694 1217 1726 1243 ad
1740 1217 1834 1252 ipsius
1845 1217 1999 1251 dampnum
2013 1217 2081 1243 nulli
2094 1216 2225 1251 pandam.

1266 1269 1386 1303 Regalia
1403 1268 1475 1293 beati
1496 1266 1571 1292 Petri
1587 1270 1614 1292 et
1630 1266 1792 1300 specialiter
1808 1265 1967 1291 Sardiniam
1989 1265 2102 1299 adjutor
2123 1272 2171 1291 ero
2191 1264 2226 1290 ad

1266 1316 1444 1344 retinendum
1470 1320 1497 1341 et
1522 1314 1731 1341 defendendum
1757 1318 1855 1340 contra
1884 1322 1997 1340 omnem
2027 1314 2169 1339 hominem
2199 1316 2229 1339 et

1266 1364 1503 1398 reacquirendum
1514 1363 1639 1397 aliajura
1651 1363 1772 1389 ecclesie
1784 1362 1912 1389 Romane
1926 1363 2097 1396 ubicumque
2111 1362 2227 1395 fuerint,

1266 1423 1331 1441 cum
1347 1424 1361 1440 a
1378 1413 1491 1440 domino
1509 1422 1579 1448 papa
1596 1413 1638 1439 vel
1654 1414 1719 1447 eJus
1738 1413 1836 1439 nuntio
1856 1413 1917 1439 sive
1938 1421 1986 1447 per
2004 1413 2112 1439 litteras
2136 1412 2229 1447 ipsius

1266 1464 1345 1490 fuero
1362 1462 1533 1497 requisitus,
1556 1465 1583 1487 ct
1603 1470 1635 1487 ea
1656 1466 1804 1496 postquam
1822 1461 1992 1496 reacquisita
2008 1461 2113 1487 fuerint
2129 1460 2230 1487 defen-

1266 1511 1390 1537 dendum
1413 1515 1441 1537 et
1462 1510 1653 1536 retinendum.
1677 1509 1713 1536 Et
1737 1509 1895 1545 predictum
1915 1510 2074 1544 judicatum
2100 1509 2229 1535 Arboree

1267 1560 1373 1586 nemini
1390 1568 1548 1595 supponam
1566 1567 1658 1593 neque
1673 1559 1765 1593 aliquo
1780 1558 1862 1585 modo
1875 1558 2029 1584 diminuam
2042 1559 2104 1584 sinc
2116 1557 2230 1584 licentia

1266 1612 1295 1635 et
1307 1608 1436 1635 mandato
1449 1609 1532 1634 snimi
1545 1608 1696 1642 pontificis.
1708 1607 1846 1642 Legatum
1858 1607 2013 1641 apostolice
2023 1607 2100 1634 sedis
2110 1607 2231 1634 honeste

1267 1658 1401 1693 recipiam
1418 1661 1446 1683 et
1461 1665 1525 1683 eum
1548 1657 1574 1683 in
1596 1657 1690 1682 eundo
1711 1659 1740 1683 et
1759 1656 1904 1682 redeundo
1927 1656 2081 1682 honorifice
2101 1655 2230 1682 tractabo

1268 1710 1296 1733 et
1312 1708 1338 1732 in
1356 1706 1417 1732 suis
1434 1705 1656 1732 necessitatibus
1671 1705 1822 1739 adjuvabo.
1840 1704 1873 1730 Et
1894 1704 1946 1730 alia
1968 1712 2023 1738 que
2046 1705 2232 1731 continentur

1267 1755 1295 1782 in
1311 1755 1400 1781 forma
1417 1754 1561 1780 fidelitatis
1578 1753 1710 1788 promitto
1728 1761 1771 1779 me
1787 1753 1906 1779 firmiter
1922 1753 2084 1778 observare.
2105 1763 2117 1776 ν»

1303 1811 1409 1837 Actum
1429 1809 1503 1844 apud
1520 1808 1748 1841 Bonan-cantum,
1771 1809 1797 1834 in
1819 1808 1889 1834 atrio
1911 1808 1990 1834 beate
2011 1807 2096 1834 Marie
2116 1807 2151 1834 de
2173 1807 2231 1834 Bo-

1240 1867 1244 1871 '
1268 1862 1419 1890 nai-canto,
1441 1866 1535 1885 coram
1556 1858 1730 1891 subscriptis
1750 1857 1891 1889 testibus,
1915 1856 2044 1883 videlicet
2064 1856 2179 1882 domino

1268 1908 1483 1942 archiepiscopo
1506 1906 1679 1937 calaritano,
1705 1906 1819 1932 domino
1897 1905 2113 1939 archiepiscopo
2135 1905 2231 1931 Arbo-

1269 1957 1362 1990 reusi,
1379 1955 1494 1982 domino
1559 1954 1693 1989 episcopo
1709 1954 1904 1985 Terralbensi‚
1921 1954 2036 1980 domino
2054 1953 2136 1980 Petro
2152 1953 2232 1988 epis-

1269 2013 1341 2040 copo
1365 2008 1463 2031 sancte
1488 2003 1589 2034 Juste,
1616 2003 1730 2029 domino
1753 2002 1884 2028 Jolianne
1909 2003 2043 2037 episcopo
2069 2001 2230 2036 Usellensi,

1270 2054 1385 2080 domino
1401 2053 1501 2087 Sergio
1517 2053 1651 2087 episcopo
1664 2051 1817 2083 Suellensi,
1829 2051 1942 2077 domino
1953 2050 2083 2077 Jolianne
2095 2050 2232 2085 episcopo

1270 2102 1473 2132 Gisarcliensi,
1494 2101 1608 2128 domino
1628 2100 1733 2127 Oberto
1755 2100 1889 2134 episcopo
1912 2098 2095 2129 Plavacensi,
2117 2098 2231 2124 domiuo

1270 2152 1420 2178 Lamberto
1436 2150 1536 2176 abbate
1551 2149 1585 2175 de
1604 2149 1726 2182 Falesia,
1748 2148 1862 2174 domino
1885 2147 2000 2174 Nicolao
2017 2147 2110 2182 priore
2125 2146 2159 2173 de
2176 2145 2233 2173 Bo-

1270 2204 1422 2230 uarcantO,
1444 2198 1600 2225 Benedicto
1620 2198 1723 2224 clerico
1740 2197 1774 2223 dc
1791 2197 1899 2228 Alatro,
1916 2196 2078 2223 Onfredone
2094 2195 2233 2221 familiare

1271 2250 1378 2276 domini
1397 2247 1532 2282 Raynerii
1546 2246 1708 2277 cardinalis,
1725 2245 1856 2271 Johanue
1873 2244 2063 2270 etThoniasio
2075 2243 2109 2270 de
2122 2244 2232 2277 Alatro,

1271 2298 1359 2325 ConIO
1380 2297 1414 2323 de
1435 2296 1562 2327 Verulis,
1586 2295 1766 2330 presentibus
1782 2294 1912 2325 clericis,
1933 2293 2076 2319 nobilibus
2093 2296 2119 2319 et
2136 2292 2234 2318 multis

1271 2347 1335 2373 aliis
1350 2346 1378 2372 in
1394 2346 1477 2380 plena
1492 2345 1581 2371 curia.

1306 2408 1367 2442 Ego
1388 2407 1546 2441 Gregorius
1566 2408 1749 2432 sacrosancte
1772 2404 1899 2430 Romane
1922 2403 2043 2429 ecclesie
2065 2402 2236 2428 scriniarius

1272 2457 1309 2484 iis
1324 2457 1459 2483 omnibus
1474 2455 1591 2482 interfui
1605 2459 1633 2480 et
1648 2454 1682 2479 de
1700 2453 1831 2479 mandato
1848 2452 1977 2486 magistri
1994 2450 2149 2477 Alexandri
2168 2458 2236 2484 cap-

1274 2505 1377 2540 pellani
1394 2510 1422 2530 et
1435 2504 1520 2538 legati
1536 2502 1691 2537 apostolice
1706 2501 1784 2528 sedis
1800 2500 1904 2534 scripsi
1921 2504 1949 2525 et
1964 2499 2103 2533 complevi
2116 2505 2236 2532 meoque

1273 2556 1358 2588 signo
1374 2552 1486 2587 signavi
1502 2551 1571 2578 etin
1588 2551 1728 2586 publicam
1742 2550 1860 2576 formam
1877 2548 1984 2582 redegi.

1309 2615 1354 2642 Ad
1372 2616 1457 2648 cujus
1473 2613 1514 2639 rei
1530 2616 1695 2647 perpetuam
1718 2612 1895 2641 firmitatem,
1919 2618 1973 2643 ego
1998 2609 2117 2641 Petrus,
2140 2608 2192 2634 Dei
2207 2611 2238 2634 et

1274 2663 1405 2690 Romane
1421 2661 1543 2688 ecclesie
1558 2661 1646 2695 gratia
1659 2659 1748 2694 judex
1766 2659 1905 2689 Arboree,
1923 2665 2043 2692 presens
2060 2658 2240 2684 instrumen-

1275 2715 1337 2739 tum
1353 2711 1407 2737 feci
1424 2710 1478 2736 mei
1494 2709 1581 2744 sigilli
1594 2709 1752 2735 munimine
1769 2707 1905 2733 roborari.

1311 2773 1346 2799 Et
1360 2780 1414 2807 ego
1429 2771 1565 2798 Nicolaus
1581 2770 1754 2796 Ferentinus
1769 2772 1867 2795 sancte
1884 2767 2014 2794 Romane
2029 2766 2150 2793 ecclesie
2165 2766 2238 2792 scri-

1276 2821 1404 2857 niarius,
1426 2821 1501 2847 sicut
1521 2819 1616 2846 inveni
1637 2820 1665 2844 in
1687 2817 1814 2852 predicto
1840 2816 1953 2851 publico
1976 2820 2005 2841 ct
2024 2814 2167 2841 autentico
2192 2813 2239 2839 in-

1277 2873 1437 2896 strumento
1453 2868 1589 2903 pendenti
1610 2866 1742 2901 plumbeo
1762 2865 1856 2899 sigillo
1876 2864 2003 2898 signato,
2026 2863 2175 2889 actoritate
2192 2869 2239 2888 se-

1277 2918 1321 2944 dis
1339 2917 1493 2952 apostoHce
1514 2916 1568 2942 hoc
1586 2922 1706 2950 presens
1727 2913 1890 2948 exemplum
1913 2912 1947 2938 de
1963 2911 2049 2937 verbo
2065 2910 2099 2937 ad
2118 2910 2240 2936 verbum

1277 2966 1382 3001 scripsi
1396 2969 1424 2992 et
1437 2965 1552 2999 signum
1568 2964 1634 2992 feci.
