2392 3571
0 3547 39 3571 bl

653 308 702 336 LE
726 308 872 338 LIBER
895 309 1128 340 CENSUUM
1152 311 1206 340 DE
1230 302 1416 341 L'IJJGLISE
1440 313 1648 343 ROMAINE.
2140 316 2196 346 533

146 372 332 407 CCXXXIIII,
352 372 517 401 inflictione
538 373 588 401 VII
603 378 628 401 ct
653 383 733 402 anno
755 375 822 403 VIII
840 375 1036 412 pontificatus
1060 376 1112 404 do-

144 425 226 454 mini
247 425 384 462 Greqorii
410 425 496 454 l'IIII
512 435 598 463 pape,
625 435 722 455 mense
746 429 872 463 auqzcsti
895 428 942 456 elie
963 429 1036 456 XVI.
1056 429 1113 465 qu

144 477 265 515 quidem
292 478 436 506 Nicolaus
456 478 573 514 Roelulfi
594 480 671 507 civis
690 480 872 508 Narniensis
895 481 951 509 hac
976 481 1023 509 (lie
1043 490 1113 518 prc-

143 532 238 566 senti‚
265 531 394 568 propria
422 540 486 559 mea
513 532 590 560 bona
622 534 779 561 ¹voluntate
807 535 960 562 renuntia.
993 535 1061 563 cedo
1088 539 1114 563 et

145 583 256 612 mando
281 583 360 611 robis
382 583 548 612 Crescentio
574 584 692 613 domini
712 594 786 622 pape
807 587 983 622 cappellano
998 591 1024 614 et
1047 595 1113 614 ma·-

143 637 237 673 9istro
252 635 394 673 Philippo
409 635 442 663 dc
461 636 590 665 Ceccano
610 637 721 665 nuntio
736 637 856 665 domini
871 647 946 674 pape
963 638 1113 675 recipien-

144 689 222 718 tibus
236 689 449 726 procuratorio
462 689 585 717 nomine
600 698 654 726 pro
667 690 788 718 ccclesia
801 691 934 719 Romana
950 696 976 719 et
990 691 1114 720 domino

145 742 286 779 Gregorio
301 749 420 770 summo
433 741 576 778 pontifice
592 742 714 778 ejusque
730 743 948 771 successoribus
962 744 992 771 in
1008 752 1113 781 perpe-

145 800 244 829 tuum,
262 794 399 823 videlice!
419 802 507 822 omne
522 795 578 831 jus
599 799 626 822 et
646 795 793 823 actionem
811 795 987 832 petitionem
1006 805 1113 833 conpe-

145 852 250 876 tentem
279 847 376 875 michi
401 851 507 875 contra
533 847 686 875 ecclesiam
715 848 880 875 Romanam
905 853 930 876 et
952 848 1111 877 (lominum

141 908 253 938 papam
275 899 391 928 ratione
406 908 483 928 xxm
499 899 654 928 librarum
670 900 857 928 luccensium
875 909 950 937 quas
969 902 1114 930 mutilavi

143 953 360 982 communitati
376 953 409 981 cle
425 957 523 981 castro
544 953 684 987 Utriculi,
703 953 781 981 sicut
798 958 925 990 apparet
938 962 991 990 per
1011 955 1113 991 publi-

143 1015 210 1036 cum
231 1007 473 1034 instrumentum
491 1005 641 1042 scriptum
664 1014 716 1043 per
732 1014 858 1034 manum
878 1006 962 1035 Greci
977 1007 1112 1035 scrinia-

144 1060 198 1094 rii,
219 1059 298 1097 quod
314 1058 515 1088 cancellatum
535 1059 614 1087 cobis
631 1059 699 1086 redo
715 1063 740 1087 ct
757 1059 837 1087 (licta
854 1060 918 1096 ejus
934 1059 1026 1088 deleri
1041 1068 1113 1097 pre-

145 1113 234 1150 cipio,
254 1116 286 1140 ut
301 1111 408 1140 amodo
424 1111 488 1140 vim
504 1111 550 1140 vel
565 1111 658 1139 robur
675 1112 797 1140 nullum
811 1111 965 1140 obtineant
979 1117 1003 1140 et
1018 1112 1113 1141 michi

146 1174 206 1195 non,
228 1164 392 1203 proficiant
420 1169 446 1192 et
469 1164 592 1192 domino
613 1172 689 1201 pape
713 1169 738 1192 ct
762 1164 878 1192 ecclesie
898 1165 1028 1193 Romane
1051 1173 1112 1193 non

146 1222 282 1247 noceant.
299 1217 372 1247 Cedo
387 1225 503 1254 quoque
519 1222 545 1246 et
559 1217 672 1246 mando
684 1218 766 1246 vobis
776 1226 833 1254 pro
844 1218 966 1246 ecclesia
977 1219 1113 1247 Romana

144 1276 171 1300 et
181 1271 303 1300 domino
312 1279 393 1308 papa
404 1279 507 1299 omnes
517 1271 650 1299 actiones
663 1271 758 1299 reales
770 1275 796 1299 et
806 1271 986 1307 personales,
1004 1272 1113 1300 tacitas

143 1329 171 1353 et
186 1332 348 1362 expressas,
370 1324 462 1352 utiles
483 1328 510 1352 et
530 1323 695 1360 cli[r]ectas,
718 1324 813 1352 miehi
829 1328 1025 1361 competentes
1039 1333 1111 1353 con-

145 1382 193 1406 tra
207 1377 344 1405 homines
360 1376 394 1405 de
409 1381 506 1405 castro
525 1377 655 1405 lftriculi
671 1376 705 1404 cle
721 1376 816 1404 debito
832 1377 863 1404 in
876 1385 933 1413 quo
946 1378 1004 1414 ipsi
1017 1378 1112 1406 michi

144 1431 334 1459 tenebantur.
356 1429 441 1458 Hanc
457 1434 556 1458 autem
577 1430 792 1465 refutationem
811 1435 836 1458 et
853 1431 1012 1459 cessionem
1033 1431 1113 1459 cobis

142 1492 199 1521 pro
222 1483 344 1512 ecclesia
368 1483 502 1511 Romana
525 1487 552 1511 et
572 1482 695 1511 domino
715 1491 795 1519 papa
820 1484 899 1518 facio
919 1484 993 1520 quia
1018 1484 1112 1520 liquet

147 1536 242 1565 michi
264 1540 396 1564 castrum
421 1535 552 1563 Utriculi
576 1544 642 1563 cum
665 1544 718 1564 suo
737 1536 902 1564 tenimento
923 1540 949 1564 et
971 1537 1113 1564 omnibns

142 1589 342 1626 pertinentiis
369 1589 435 1616 suis
461 1588 500 1616 ad
528 1588 681 1617 ecclesiam
710 1589 874 1617 Romanam
903 1594 928 1617 et
951 1589 1112 1618 dominum

142 1650 254 1680 papam
272 1642 358 1679 pleno
366 1642 440 1678 jure
455 1645 600 1678 spectare,
626 1646 652 1669 et
672 1642 768 1678 recepi
791 1651 808 1669 a
830 1642 912 1670 'cobis
928 1651 995 1670 nom
1003 1643 1051 1671 inc
1066 1651 1112 1671 ec-

144 1695 230 1723 clesie
252 1694 383 1722 Romane
408 1698 434 1722 et
463 1693 584 1722 domini
605 1702 682 1730 pape
704 1702 760 1730 pro
781 1695 866 1722 omni
888 1695 1069 1731 obliqatione
1087 1700 1112 1724 et

137 1749 212 1784 J'ure
228 1756 291 1776 meo
307 1755 346 1775 xx
365 1747 458 1775 libras
479 1751 504 1774 ct
525 1747 599 1774 duos
614 1746 723 1774 solidos
746 1747 891 1775 bonorum
912 1748 1108 1783 laccensium,

144 1801 219 1837 quia
234 1800 298 1828 alia
317 1800 446 1836 pecunia
465 1807 521 1836 que
545 1799 758 1827 continebatur
775 1800 805 1827 in
826 1800 1033 1829 instrumento
1050 1806 1114 1829 erat

146 1861 254 1881 usura.
277 1853 313 1880 De
330 1852 441 1888 quibus
458 1860 504 1880 mc
522 1852 591 1880 bene
610 1852 746 1888 quietum
767 1861 848 1886 uoco,
867 1858 891 1881 ct
910 1854 1110 1889 ecceptionem

143 1913 206 1934 non
225 1909 386 1934 numerate
405 1913 456 1933 seu
479 1905 616 1933 restitute
634 1905 760 1941 pecunie
777 1905 885 1933 amodo
904 1906 1045 1942 obponere
1067 1915 1114 1934 re-

145 1959 266 1992 nuntio,
281 1962 307 1986 et
322 1966 439 1986 omnem
457 1957 552 1986 aliam
569 1958 767 1994 eoeceptionem
785 1958 844 1994 ipsi
856 1959 974 1986 ecclesie
985 1959 1115 1987 Romane

143 2015 170 2040 et
182 2011 306 2039 domino
318 2018 393 2047 pape
408 2010 592 2038 nocituram.
606 2010 661 2037 Jus
674 2018 741 2038 vero
752 2010 831 2046 quod
841 2015 945 2038 contra
959 2011 1114 2039 ecclesiam

143 2064 311 2092 Romanam
329 2068 355 2091 et
379 2062 540 2090 dominum
560 2071 675 2099 papam.
697 2062 788 2091 habeo
805 2071 861 2099 pro
883 2063 964 2091 elicta
981 2065 1115 2100 pecunia

143 2120 170 2145 ct
186 2116 283 2144 michi
300 2116 456 2152 competit,
478 2115 559 2143 nulli
576 2115 645 2143 stedi
659 2123 785 2152 persone
808 2124 859 2143 nec
882 2116 1030 2144 mandavi
1051 2117 1114 2145 sire

111 2172 114 2174 ’
142 2169 271 2203 collusi;
301 2168 351 2196 sed
379 2169 407 2196 si
435 2168 592 2204 abpareret
621 2167 700 2204 quod
728 2168 789 2196 ulli
815 2176 940 2204 persone
968 2168 1113 2197 dedissem

143 2223 189 2251 vel
204 2222 431 2250 mundavissent
447 2221 510 2249 sive
527 2221 724 2253 collusissent,
745 2229 832 2249 omne
849 2221 1019 2258 dampnum
1036 2221 1115 2258 quod

143 2275 267 2304 ecclesia
283 2275 418 2303 Romana
439 2278 465 2302 et
486 2274 632 2302 (lominus
646 2282 725 2311 papa
751 2274 819 2302 inde
840 2274 1004 2303 habuerint
1019 2279 1045 2302 et
1065 2275 1114 2303 in-

141 2336 269 2365 pensam
291 2335 382 2364 quam
402 2327 529 2363 fecerint
551 2327 583 2354 in
608 2326 684 2354 meis
701 2327 786 2354 bonis
801 2326 859 2354 sibi
879 2327 949 2355 bene
961 2327 1114 2364 placenti-

143 2381 206 2417 bus,
232 2380 406 2417 ubicunque
430 2381 549 2408 intrare
572 2380 735 2415 voluerint,
756 2380 880 2408 nomine
900 2380 971 2409 bone
984 2381 1115 2417 pleiarie

143 2439 320 2464 restaurare
349 2434 504 2470 promitto.
531 2433 590 2462 Pro
616 2433 726 2470 quibus
754 2434 895 2462 omnibus
920 2434 1115 2463 observandis

143 2487 241 2524 obliqo
257 2496 303 2516 me
319 2491 345 2515 et
363 2495 428 2515 mea
442 2487 530 2521 bona,
553 2490 579 2514 et
598 2485 705 2515 amodo
720 2486 846 2515 nomine
861 2486 980 2515 domini
993 2495 1070 2524 pape
1089 2492 1116 2516 et

143 2540 262 2569 ecclesie
278 2540 410 2568 Romane
429 2539 570 2576 precario
592 2543 689 2567 tenere
711 2538 863 2575 confiteor,
888 2539 979 2568 donec
1001 2539 1036 2568 de
1053 2540 1116 2569 lziis

143 2593 285 2621 omnibus
300 2592 396 2628 fuerit
416 2600 435 2620 a
454 2591 540 2620 nobis
561 2591 618 2619 sibi
635 2591 784 2628 condique
805 2592 997 2628 satisfactum
1008 2603 1019 2628 ;
1036 2598 1062 2621 et
1080 2593 1116 2622 ab

143 2646 201 2674 hac
216 2645 292 2674 hora
310 2645 343 2673 in
354 2649 446 2673 antea
460 2643 606 2672 dominus
614 2652 698 2682 papa
708 2649 735 2673 et
750 2645 814 2682 ejus
827 2653 1006 2674 successores
1016 2646 1114 2683 adque

143 2698 267 2727 ecclesia
282 2698 420 2726 Romana
434 2697 498 2726 sint
512 2697 626 2732 securi,
650 2697 760 2734 quieti,
782 2698 962 2734 tranquilli,
978 2698 1109 2735 pacifici,

97 2781 99 2783 ,
143 2756 170 2780 ct
187 2751 223 2780 ab
238 2750 324 2780 omn-i
337 2750 388 2778 lite
404 2754 430 2778 et
445 2749 599 2786 questione
611 2750 732 2778 remoti.
749 2749 931 2787 Supradicta
945 2752 1050 2780 omnia
1063 2760 1114 2789 eqo

137 2813 239 2844 ⁴supra
253 2804 353 2833 dictus
368 2803 512 2832 Nicotaus
528 2807 598 2831 rata
609 2802 761 2839 firmaque
777 2803 884 2832 habere
902 2805 1048 2840 promitto
1061 2813 1114 2842 per

96 2888 99 2889 ⁷
143 2866 191 2887 me
209 2862 236 2886 et
260 2865 337 2886 meos
352 2856 473 2885 heredes
488 2856 571 2885 vobis
587 2856 754 2885 Crescentio
769 2860 795 2884 et
814 2857 959 2893 ›naqistro
971 2858 1114 2896 Philippo

144 2910 360 2948 recipientibus
372 2918 429 2947 pro
445 2909 510 2946 ipso
526 2908 651 2937 domino
664 2917 743 2945 papa
762 2913 788 2937 et
807 2909 872 2946 ejus
894 2911 1114 2940 successoribus

142 2963 242 3000 adque
254 2963 375 3005 ecclesia
389 2962 534 2997 Romana,
551 2966 578 2990 et
589 2966 694 2990 contra
710 2969 768 2990 ¹non
783 2963 897 2991 venire.
913 2962 996 2996 Quod
1007 2964 1035 2992 si
1046 2972 1114 2993 con·

1237 382 1283 405 tra
1299 378 1460 412 fecerimus
1482 380 1526 407 cel
1545 381 1570 407 si
1591 381 1727 417 predicta
1751 383 1886 419 capitula
1903 383 2006 411 omnia
2031 384 2117 420 plene
2137 392 2193 412 non

1234 431 1504 465 observaverimus,
1524 434 1666 468 promitto
1691 434 1762 462 dure
1779 439 1806 463 ct
1829 436 1940 463 solvere
1964 437 2044 464 vobis
2063 437 2196 472 leqitime

1233 483 1454 519 stipulantibus
1469 494 1522 521 pro
1538 485 1660 513 domino
1673 496 1751 523 papa
1774 493 1800 515 ct
1817 489 1936 517 ecclesia
1962 490 2105 523 Romana,
2126 495 2196 518 ante

1234 543 1320 563 omne
1343 536 1408 563 litis
1431 537 1641 574 principium.
1668 539 1793 576 duplum
1823 541 1899 569 dicte
1920 543 2046 578 pecunie
2075 543 2196 571 nomine

1234 596 1316 624 pene.
1336 597 1473 625 penuque
1497 590 1593 618 soluta
1615 591 1665 618 lter
1687 597 1771 620 carta
1788 593 1879 628 firma
1895 600 2080 630 permaneat⁴
2099 598 2193 629 (tuam

1233 641 1360 668 scribere
1380 642 1485 676 rogavi
1510 642 1629 670 Petrum
1652 644 1795 672 Rainatds
1818 646 2021 674 scriniarium
2048 648 2078 675 in
2101 657 2197 676 mense

1234 697 1260 720 el
1276 692 1323 720 elic
1338 693 1485 729 predicta.
1506 695 1598 722 Testes
1613 696 1629 723 li
1638 697 1659 723 ii
1675 702 1745 724 sunt
1763 699 1859 733 royuti
1876 709 1885 726 ,-

1275 745 1436 782 Philippus
1452 748 1626 783 capellanus
1639 749 1672 776 ‹le
1688 751 1819 787 episcopo
1834 751 2009 780 Narniensi.
2027 754 2105 781 testis
2119 763 2127 787 ,”

1273 798 1452 834 Anqilerius
1468 799 1501 827 (le
1519 800 1689 836 castilione,
1709 803 1808 831 testis:

1273 850 1427 878 .Iohannes
1442 851 1589 880 Guielonis
1604 854 1638 881 (le
1657 854 1799 884 L‘triculo.
1822 857 1919 885 testis.-

1276 902 1463 931 Octacianus
1478 904 1512 932 ele
1529 905 1672 939 l'triculo,
1693 908 1790 942 testis,-

1274 956 1433 984 Donaeleus
1447 958 1636 985 scriniarius
1652 959 1684 987 tle
1703 961 1846 991 l‘triculo,
1867 963 1958 990 testis.

1273 1009 1332 1044 qu
1352 1009 1458 1037 Petrus
1478 1010 1511 1037 ‹ie
1533 1010 1641 1039 Sancto
1663 1012 1730 1040 l'olo
1753 1014 1802 1041 [tei
1820 1016 1921 1049 qratia
1944 1021 2044 1043 sancte
2069 1017 2197 1045 Romane

1233 1061 1350 1090 ecclesie
1379 1062 1581 1097 scriniarius,
1620 1069 1742 1100 roqalus
1775 1066 1852 1093 lianc
1882 1068 2031 1095 cartulam
2070 1070 2196 1105 propria

1233 1121 1330 1141 manu
1345 1114 1465 1151 scripsi.

1193 1258 1270 1295 [16]
1288 1259 1325 1287 De
1342 1259 1446 1297 eodem¹
1455 1260 1476 1288 ¹.

1273 1351 1309 1380 In
1334 1353 1458 1381 nomine
1484 1353 1616 1381 Domini.
1641 1354 1729 1383 Anno
1753 1355 1817 1390 ejus
1843 1356 2017 1385 nativitatis
2038 1358 2200 1386 millesimo

1235 1404 1381 1439 CCXXXI',
1409 1406 1575 1434 indictione
1604 1407 1684 1441 VIII,
1709 1412 1735 1435 et
1756 1416 1838 1436 anno
1859 1400 2133 1446 i'IIIpontificatus
2147 1411 2199 1439 {lo-

1233 1457 1315 1485 mini
1332 1457 1469 1493 Greyorii
1491 1459 1575 1487 t'JJJJ
1585 1468 1675 1496 pape,
1696 1469 1795 1488 mense
1809 1461 1977 1496 februarii.
1996 1463 2043 1490 (lie
2061 1464 2124 1491 XII.
2142 1464 2200 1501 qu

1234 1510 1354 1546 quidem
1379 1511 1542 1539 Ottinellus
1561 1512 1647 1548 filius
1666 1513 1737 1541 olim
1762 1514 1870 1542 Thome
1892 1515 1925 1542 cle
1947 1515 2102 1543 Jlaclzario
2125 1518 2201 1545 civis

1231 1562 1424 1598 Narniensis,
1442 1564 1498 1592 hac
1510 1564 1558 1592 elie
1569 1567 1712 1600 presenti=
1726 1568 1855 1604 propria
1871 1576 1934 1595 mea
1953 1568 2028 1597 bona
2047 1570 2200 1598 voluntate

1229 1617 1389 1651 wenuntio,
1411 1617 1478 1645 cedo
1499 1622 1524 1645 et
1548 1619 1660 1647 mando
1683 1620 1736 1647 tibi
1754 1621 1900 1656 maqistro
1919 1621 2058 1659 Philippo
2079 1623 2112 1650 a'e
2131 1624 2199 1652 Cec-

1233 1662 1309 1696 ca‘vno
1324 1670 1435 1697 nuntio
1451 1669 1568 1698 domini
1583 1680 1660 1708 pape
1675 1673 1835 1709 recipienti
1848 1677 2061 1710 procuratorio
2077 1678 2199 1706 nomine

1232 1729 1287 1757 pro
1302 1722 1424 1750 ecclesia
1441 1724 1574 1752 Romana
1587 1729 1613 1752 et
1630 1724 1752 1754 domino
1769 1726 1909 1763 Greqorio
1923 1736 2042 1757 summo
2058 1730 2200 1766 pontifice

1234 1774 1356 1810 ejusque
1369 1776 1587 1804 successoribus
1602 1777 1633 1804 in
1650 1783 1840 1814 perpetuum.
1859 1780 1993 1808 videlicet
2009 1790 2095 1809 omne
2106 1783 2162 1817 J'us
2174 1787 2200 1811 et

1234 1828 1381 1855 actionem
1414 1829 1589 1864 petitionem
1625 1835 1823 1866 conpetentem
1864 1832 1947 1860 nobis
1974 1838 2078 1862 contra
2111 1834 2200 1863 eccle-

1234 1880 1311 1907 siam
1330 1880 1495 1908 Romanam
1515 1886 1541 1909 et
1561 1882 1719 1910 dominum
1734 1892 1844 1920 papam
1866 1885 1983 1913 ration-e
2001 1894 2090 1914 ccxm
2108 1887 2198 1914 libra-

1235 1941 1305 1960 rum
1335 1933 1519 1962 luccensium
1546 1943 1622 1970 quas
1646 1937 1788 1964 mutuari
1810 1939 2027 1966 communitati
2051 1938 2084 1966 de
2103 1944 2200 1968 castro

1239 1985 1379 2021 L'triculi,
1406 1987 1486 2015 sicut
1510 1988 1632 2024 abparet
1652 1997 1706 2025 per
1732 1994 1847 2017 cartam
1875 1991 2027 2027 publicam
2053 1994 2197 2029 scriptam

1234 2047 1287 2076 per
1310 2047 1439 2067 manum
1465 2040 1546 2068 Petri
1567 2042 1739 2070 communis
1763 2043 1942 2077 scriniarii,
1968 2053 2059 2080 quam
2083 2050 2198 2073 cartam

1235 2093 1434 2121 cancellatum
1465 2093 1518 2121 tibi
1541 2093 1610 2121 redo
1633 2099 1658 2122 et
1686 2095 1751 2131 ejus
1779 2095 1861 2124 elicta
1882 2096 1976 2124 deleri
1996 2098 2139 2135 precipio,
2168 2104 2200 2126 ut

1235 2145 1342 2173 amodo
1366 2146 1431 2173 vim
1456 2146 1502 2174 vel
1526 2147 1619 2175 robur
1644 2148 1766 2176 nultum
1792 2149 1945 2177 obtineant
1969 2155 1994 2177 et
2022 2151 2116 2179 michi
2141 2160 2199 2180 non

1233 2197 1398 2234 proficiant
1428 2203 1454 2226 et
1478 2199 1602 2227 domino
1624 2208 1700 2237 pape
1721 2205 1747 2228 et
1767 2201 1884 2229 ecclesie
1906 2203 2035 2231 Romane
2060 2212 2120 2231 non
2147 2213 2201 2232 no-

1235 2254 1333 2278 ceant.
1357 2250 1430 2279 Cedo
1453 2260 1569 2288 quoque
1591 2257 1617 2280 et
1642 2253 1752 2281 mando
1776 2253 1831 2281 tibi
1853 2262 1909 2290 pro
1929 2255 2052 2284 (lomina
2075 2264 2154 2293 papa
2176 2262 2202 2284 et

1236 2303 1357 2332 ecclesia
1385 2304 1521 2333 Romana
1549 2313 1653 2334 omnes
1681 2307 1812 2335 actiones
1845 2308 1937 2335 reales
1966 2313 1990 2336 et
2018 2309 2198 2345 personales,

1238 2357 1346 2385 tacitas
1362 2361 1389 2385 et
1405 2365 1569 2394 eoepressas,
1591 2358 1682 2386 utiles
1697 2363 1723 2387 et
1741 2359 1882 2393 directas,
1905 2361 2000 2389 michi
2018 2366 2203 2398 conpetentes

1236 2413 1342 2437 contra
1364 2409 1502 2438 homines
1517 2409 1551 2438 de
1569 2410 1705 2441 L'triculo
1721 2411 1755 2439 cle
1774 2411 1869 2440 debito
1891 2413 1920 2440 in
1944 2421 2002 2449 quo
2026 2414 2083 2451 ipsi
2105 2415 2203 2443 michi

1237 2462 1424 2490 tenebantur.
1447 2462 1534 2491 Hanc
1553 2467 1653 2492 autem
1680 2464 1893 2499 refutationem
1916 2470 1943 2494 et
1965 2467 2124 2495 cessionem
2146 2476 2202 2505 pro

1235 2514 1357 2543 eeclesia
1378 2515 1513 2543 Romana
1535 2520 1561 2544 et
1580 2515 1704 2545 domino
1720 2525 1800 2554 papa
1821 2517 1876 2546 tibi
1893 2519 1990 2554 facio,
2013 2520 2086 2556 quia
2107 2521 2202 2558 liquet

1236 2567 1331 2595 michi
1352 2571 1488 2596 castrum
1509 2568 1638 2597 Utriculi
1660 2577 1727 2597 cum
1748 2577 1802 2598 suo
1829 2570 1992 2600 tenimento
2011 2577 2037 2600 et
2061 2573 2203 2602 omnibus

1232 2620 1430 2657 pertinentiis
1455 2620 1520 2649 suis
1545 2620 1585 2649 ad
1610 2621 1760 2650 eeclesiam
1790 2623 1958 2652 Romanam
1985 2629 2010 2653 et
2041 2625 2202 2655 dominum

1232 2681 1345 2710 papam
1362 2674 1450 2711 pleno
1461 2675 1536 2711 Jure
1548 2679 1693 2712 spectare,
1714 2680 1740 2704 et
1760 2677 1855 2714 recepi
1870 2686 1887 2705 a
1902 2682 1927 2706 te
1946 2679 2068 2707 nomine
2082 2679 2204 2709 domini

1231 2735 1308 2764 pape
1324 2731 1350 2755 et
1366 2727 1483 2756 ecclesie
1500 2727 1630 2756 Romane
1643 2736 1700 2765 pro
1715 2729 1801 2757 omni
1816 2729 1998 2767 obligatione
2012 2736 2038 2759 et
2049 2732 2123 2768 jure
2138 2742 2202 2763 mco

1232 2871 1257 2896 1.
1277 2870 1308 2896 12
1324 2870 1428 2896 few-ier
1444 2870 1521 2897 1235.
1545 2885 1578 2890 --
1601 2870 1755 2902 Quiuance
1769 2871 1948 2904 d’Ottinello.
1966 2874 2010 2901 fils
2024 2875 2060 2902 de
2075 2875 2202 2905 Thomas

1194 2917 1230 2945 de
1247 2918 1402 2945 Machario.
1419 2917 1561 2951 Creance,
1579 2919 1627 2946 ⁵241
1647 2919 1751 2951 livre&
1769 2928 1879 2947 somme
1895 2922 2033 2957 touchee,
2049 2924 2101 2951 ‘200
2115 2925 2202 2953 livi-es

1195 2969 1225 2993 et
1241 2967 1292 2994 100
1307 2974 1388 2993 sous.
