2392 3571
652 345 701 374 121⁴]
725 344 870 374 LIBER
892 344 1125 375 CENSUUM
1151 345 1204 374 DE
1229 335 1414 374 L'F'JGLISE
1438 345 1647 376 ROMAINE.
2140 347 2198 377 529

144 411 328 446 CCXXXIIII,
349 411 516 439 inflictione
537 411 589 439 VII
609 416 634 440 et
657 419 738 439 anno
759 411 827 439 VIII
844 411 1042 448 pontificatus
1057 411 1111 439 do-

142 464 224 492 mini
244 463 380 501 Greslorii
404 464 487 492 VIIII
507 473 600 501 pape,
624 472 723 492 mense
739 468 868 500 aumeslo
891 464 938 492 {lie
958 464 1030 492 XVI.
1052 464 1111 500 Eyo

141 516 264 552 quidem
280 516 422 544 Nicotaus
441 516 475 544 tle
494 517 593 544 Marco
611 517 687 544 civis
708 515 890 544 Narniensis
905 516 962 543 hac
978 515 1024 543 die
1043 523 1111 552 pre-

141 569 233 603 senti,
264 569 393 605 propria
418 577 484 596 mea
508 569 583 597 bona
610 568 765 596 voluntate
796 568 953 602 renuntio,
986 568 1054 595 ectio
1086 572 1112 595 et

142 620 255 649 mando
276 621 357 649 vobis
376 621 542 649 Crescentio
564 620 685 648 domini
703 628 777 656 pape
797 620 972 656 cappellano
994 624 1019 647 et
1044 627 1111 647 ma-

142 673 236 709 §istro
254 673 394 710 Philippo
412 673 446 700 cte
464 672 591 701 Ceccano
608 672 719 700 nuntio
738 672 856 700 domini
872 680 946 708 pape
961 672 1112 708 recipien-

144 725 223 753 tibus
235 726 448 762 procuratorio
464 725 588 753 nomine
610 733 666 761 pro
687 724 811 752 domino
834 724 975 760 Gregorio
993 732 1113 752 sum-mo

140 777 282 814 pontifice
305 777 426 813 ejusque
447 777 664 805 successoribus
689 777 719 804 in
738 781 917 813 perpetuum
933 776 972 804 acl
994 785 1067 813 opus
1086 781 1112 804 et

142 830 311 858 utilitatem
334 829 451 858 ecclesie
472 830 620 860 Romane,
647 829 781 857 videlicet
801 837 889 857 omne
903 829 958 864 jus
974 833 999 857 et
1017 829 1112 856 actio-

141 891 209 911 nem
226 883 403 919 petitionem
419 886 630 918 competentem
646 882 731 909 noltis
752 886 856 909 contra
877 881 1036 909 (lominum
1056 890 1113 917 pa-

140 943 211 972 pam
231 939 255 963 et
272 935 426 963 ecclesiam
446 934 610 962 Romanam
625 956 630 967 ‚
651 934 770 962 ratione
787 942 802 962 (ι
820 934 972 962 librarum
993 934 1113 961 luccen-

142 987 224 1015 sium
241 995 316 1024 quas
330 987 475 1015 mutuavi
487 986 704 1015 communitati
718 986 751 1014 cle
764 991 862 1014 castro
879 986 1017 1021 Utriculi,
1035 987 1113 1014 sicut

143 1044 268 1076 apparet
286 1048 340 1076 per
359 1039 515 1076 publicum
540 1039 782 1066 instrumentum
807 1039 955 1075 scriptum
976 1047 1030 1076 per
1045 1048 1113 1066 ma-

143 1100 219 1120 num
241 1092 393 1121 Johannis
419 1091 566 1120 Timothei
591 1091 774 1125 scriniarii,
802 1091 881 1128 quod
911 1092 1113 1120 cancellatum

144 1145 225 1173 vobis
247 1144 353 1179 recido,
374 1149 398 1172 et
418 1144 497 1172 dicta
514 1145 578 1180 ejus
596 1144 690 1172 deleri
710 1145 844 1180 precipio
865 1148 899 1172 ut
920 1144 1026 1172 amodo
1048 1145 1113 1173 vim

144 1197 190 1226 vel
214 1196 308 1225 robur
327 1197 451 1225 nullum
476 1197 634 1233 optineant
656 1200 681 1224 ct
706 1196 792 1224 nobis
818 1205 877 1225 non
899 1197 1064 1233 proficiant
1089 1202 1114 1225 et

144 1249 267 1277 domino
280 1257 356 1286 pape
377 1253 403 1277 et
427 1249 545 1278 ecclesie
567 1250 697 1277 Romane
717 1258 774 1277 non
797 1255 932 1278 noceant.
951 1250 1024 1279 Cedo
1040 1259 1115 1287 quo-

144 1310 200 1338 que
216 1306 241 1330 et
256 1302 369 1330 mando
388 1302 469 1330 vobis
484 1310 541 1339 pro
561 1302 685 1330 domino
704 1310 785 1339 papa
801 1307 827 1331 et
843 1303 963 1331 ecclesia
982 1304 1114 1332 Romana

143 1355 290 1390 omnejus
301 1359 326 1382 et
338 1355 470 1383 actiones
481 1355 574 1383 reales
585 1359 611 1383 et
623 1355 805 1391 personales,
824 1356 914 1384 utiles
930 1361 956 1384 et
972 1356 1111 1392 directas,

144 1407 253 1436 tacitas
277 1411 303 1435 et
329 1415 493 1444 expressas,
520 1407 604 1435 nobis
628 1412 823 1444 competentes
848 1412 952 1436 contra
978 1408 1116 1437 homines

147 1460 279 1488 Utriculi
305 1459 338 1487 de
361 1460 458 1488 debito
478 1460 512 1488 in
535 1468 592 1496 quo
619 1460 678 1496 ipsi
698 1461 794 1488 michi
819 1461 1008 1488 tenebantur.
1032 1461 1116 1489 Hanc

145 1516 245 1540 autem
267 1513 485 1548 ¹refutatiom’m
501 1517 526 1540 et
543 1513 702 1541 cessionem
722 1513 801 1541 ¹coln's
821 1521 876 1549 pro
899 1513 1021 1541 domino
1034 1521 1115 1550 papa

144 1569 170 1593 et
186 1565 305 1593 ecclesia
323 1565 459 1593 Romana
474 1565 564 1600 facia,
580 1565 654 1601 quia
671 1565 765 1601 liquet
782 1565 864 1593 nohis
879 1570 1012 1593 castrum
1034 1566 1116 1594 Utri-

146 1617 208 1646 culi
227 1626 293 1645 cum
316 1626 369 1646 suo
393 1618 556 1645 tenimento
573 1621 598 1645 et
621 1617 762 1645 omnibus
778 1619 975 1654 pertinentiis
995 1619 1059 1646 suis
1077 1619 1116 1646 ad

145 1670 307 1698 dominum
324 1677 435 1706 papam
453 1674 479 1697 et
495 1670 648 1698 ecclesiam
664 1670 830 1697 Romanam
847 1670 935 1706 pleno
947 1670 1020 1706 jure
1035 1678 1116 1707 spee-

147 1726 219 1757 tare,
242 1726 267 1750 et
282 1722 381 1759 recepi
399 1730 417 1750 a
439 1722 518 1750 vobis
537 1730 593 1758 pro
610 1722 694 1750 omni
714 1721 894 1758 Obllyttlione
914 1727 939 1750 et
958 1723 1031 1759 jure
1054 1731 1116 1750 meo

145 1775 323 1811 octuayinta
348 1775 442 1803 libras
461 1779 486 1803 et
508 1775 672 1803 dimidiam
691 1776 835 1803 bonorum
858 1775 1059 1811 laccensium,
1082 1776 1116 1804 cle

145 1828 255 1864 quibus
267 1837 310 1855 mc
322 1828 391 1856 bene
400 1828 536 1864 quietum
547 1837 625 1859 voco,
636 1833 661 1856 et
673 1829 873 1865 acceptionem
886 1837 943 1856 non
957 1833 1117 1857 numerate

142 1881 271 1918 pecunie
288 1876 393 1909 amodo
410 1889 555 1917 opponere
580 1882 737 1909 renuntio.
759 1886 784 1909 et
803 1889 918 1909 omnem
944 1881 1038 1909 aliam
1064 1889 1116 1910 eae-

145 1933 309 1970 ceptionem
328 1933 518 1969 ipsitlomino
527 1941 603 1969 pape
615 1937 639 1961 ct
650 1933 766 1961 ecclesie
781 1933 910 1961 Romane
923 1933 1094 1961 nocituram
1108 1955 1113 1967 ‚

146 1986 219 2022 quia
235 1985 299 2014 alia
313 1985 444 2022 pecunia
463 1994 518 2021 que
536 1986 749 2013 continelnttur
773 1986 804 2013 in
831 1986 1033 2014 instrumento
1053 1990 1117 2014 erat

145 2046 254 2066 usura.
277 2039 331 2067 Jus
348 2047 417 2066 vero
440 2038 519 2074 quod
544 2042 649 2066 contra
672 2038 831 2066 (lominum
852 2046 962 2075 papam
984 2043 1009 2066 et
1027 2039 1116 2067 eccle—

145 2091 226 2118 siam
242 2091 408 2119 Romanam
425 2091 515 2119 lialn’o
534 2099 587 2128 pro
601 2090 680 2118 dicta
695 2091 826 2127 pecunia
845 2095 870 2118 et
888 2091 983 2119 michi
1000 2099 1117 2128 compe-

148 2143 198 2178 tit,
224 2144 306 2172 nulli
328 2143 397 2171 <ledi
419 2151 545 2180 persone
564 2152 614 2171 nec
632 2143 769 2172 alienari
791 2144 853 2171 sive
880 2144 1003 2174 collusi:
1026 2144 1075 2172 sed
1091 2145 1118 2172 si

146 2200 306 2232 appareret
329 2195 408 2232 quod
435 2196 495 2224 ulli
517 2204 642 2233 persone
667 2196 809 2224 dedissem
839 2197 881 2224 cel
902 2197 1114 2225 alienavissem

145 2248 208 2277 sice
226 2249 422 2283 collusissem,
442 2257 529 2277 omne
546 2248 714 2285 dampnum
737 2249 816 2285 quoti
835 2249 978 2277 (lominus
995 2258 1074 2286 papa
1093 2254 1119 2278 et

146 2301 268 2330 ecclesia
284 2302 419 2330 Romana
437 2301 505 2329 inde
521 2301 661 2329 habuerit
673 2305 698 2328 et
713 2302 878 2338 impensam
893 2310 983 2338 quam
1001 2303 1113 2337 fecerit,

147 2354 180 2382 in
197 2355 272 2382 meis
284 2353 367 2383 bonis
382 2354 440 2382 sibi
456 2354 525 2383 bene
538 2354 729 2391 placentibus
747 2355 917 2391 ubicunque
933 2355 1052 2384 intrare
1065 2364 1118 2384 vo-

149 2406 240 2435 luerit
270 2407 394 2435 nomine
421 2407 493 2435 bone
516 2407 647 2444 pleiaric
671 2412 844 2436 restaurare
870 2409 1026 2445 promitto.
1060 2409 1118 2437 Pro

147 2459 257 2496 quibus
272 2460 412 2488 omnibus
427 2460 614 2497 supradictis
630 2460 826 2489 observanciis
841 2461 936 2497 obliyo
954 2469 1000 2489 me
1013 2465 1039 2489 et
1051 2469 1118 2489 mea

146 2513 232 2548 bona,
253 2517 279 2541 et
300 2512 407 2541 amodo
426 2513 551 2541 «nomine
574 2512 694 2541 domini
711 2522 787 2550 pape
807 2518 833 2542 et
852 2513 968 2542 ecclesie
988 2514 1119 2543 Romane

144 2566 285 2603 precario
303 2569 399 2594 tenere
420 2565 571 2602 confiteor,
590 2565 679 2594 donec
700 2566 734 2594 cle
754 2566 815 2594 hiis
837 2567 977 2595 omnibus
995 2576 1012 2595 a
1034 2567 1118 2595 nobis

146 2618 242 2654 fuerit
258 2618 317 2646 sibi
333 2617 479 2654 comitque
494 2619 706 2654 satisfactum;
723 2623 748 2647 et
764 2619 799 2648 ab
815 2619 870 2648 hac
885 2619 960 2648 liora
976 2620 1010 2647 in
1028 2624 1117 2648 antea

147 2670 292 2699 dominus
320 2678 402 2706 papa
432 2674 458 2698 et
489 2671 554 2707 ejus
583 2679 760 2699 successores
787 2671 884 2708 adque
911 2673 1031 2700 ccclesia
1064 2672 1118 2700 Ro-

148 2731 242 2751 mana
258 2722 321 2751 sint
336 2722 446 2756 securi,
465 2723 570 2759 quieti,
593 2724 769 2760 tranquilli,
785 2724 919 2761 pacifici,
939 2729 965 2752 et
981 2724 1016 2752 ab
1034 2724 1120 2752 omni

149 2774 200 2803 lite
216 2778 242 2802 et
260 2774 413 2811 questione
426 2775 546 2803 remoti.
565 2774 748 2812 Supradieta
770 2776 875 2804 omnia
892 2784 941 2812 eyo
958 2775 1119 2804 dictusNi-

149 2828 251 2856 colaus
266 2831 336 2855 rata
351 2826 503 2863 firmaque
519 2827 625 2856 habere
641 2829 785 2864 promitto
798 2837 853 2865 per
869 2837 913 2856 me
929 2833 954 2856 et
972 2837 1051 2856 meos
1067 2828 1119 2856 he-

148 2880 231 2908 redes
246 2879 328 2908 vobis
345 2879 512 2908 Crescentio
534 2884 560 2908 et
575 2880 723 2916 mayistro
748 2880 887 2918 Philippo
906 2881 1120 2918 recipientibus

148 2941 202 2970 pro
218 2933 341 2961 domino
354 2940 434 2970 papa
452 2937 478 2961 et
493 2934 558 2969 eJus
573 2934 804 2968 successoribus,
829 2938 854 2961 et
869 2938 975 2962 contra
994 2942 1053 2962 non
1071 2942 1120 2962 ve-

150 2986 228 3014 nire.
254 2981 336 3018 Ouoii
357 2985 385 3013 si
405 2990 511 3014 contra
530 2986 694 3020 fecerimus
719 2986 762 3014 vel
781 2987 808 3014 si
826 2986 962 3023 predicta
984 2986 1121 3023 capitula

254 3048 338 3075 [ausu
357 3048 499 3076 Causuuu.
522 3063 556 3068 —
575 3049 598 3075 1.

1233 412 1338 439 omnia
1360 411 1446 447 plene
1470 420 1528 439 non
1549 413 1822 441 observaverimus.
1844 415 1989 450 promitto
2007 413 2078 441 (lare
2094 418 2118 441 et
2138 414 2197 442 sol-

1234 472 1300 491 vere
1319 464 1396 491 voltis
1413 464 1545 499 leyitime
1564 465 1783 500 stipulantibus
1802 474 1857 502 pro
1873 466 1995 493 domino
2012 474 2092 502 papa
2110 471 2136 494 et
2152 475 2198 495 ec-

1233 516 1322 544 clesia
1336 516 1478 550 Romana,
1497 516 1623 552 duplum
1639 517 1714 545 dicte
1726 518 1850 554 pecunie
1866 519 1987 546 nomine
1998 527 2085 554 pene,
2102 527 2197 554 pena-

1234 576 1289 604 que
1308 568 1406 595 soluta
1432 568 1482 595 hec
1509 573 1594 596 carta
1615 570 1707 604 firma
1731 575 1918 605 permaneat.
1949 572 2043 604 (tuam
2070 571 2197 599 scrihere

1234 620 1340 656 royavi
1369 620 1489 647 Petrum
1518 621 1661 648 Rainalcli
1687 622 1889 650 scriniarium
1919 623 1948 649 in
1978 631 2075 650 mense
2099 628 2124 650 et
2149 623 2196 651 ‹Iie

1232 672 1378 709 predicta.
1396 673 1501 700 Actum
1529 673 1560 700 in
1578 674 1694 709 palatio
1713 674 1831 702 domini
1850 675 1980 711 episcopi
2003 675 2192 709 Narniensis,

1233 733 1333 753 coram
1353 725 1414 760 ipso
1431 725 1572 761 episcopo.
1594 726 1685 753 Testes
1702 727 1748 753 liii
1763 732 1832 754 sunt
1851 728 1947 763 royati
1964 738 1972 754 .-

1272 777 1397 805 .lacobus
1406 777 1549 805 Iiainalrli
1559 777 1591 805 (le
1601 778 1682 805 Narn
1691 779 1718 806 ia
1728 780 1892 807 cnnonicns
1899 780 1980 807 Narn
1989 781 2088 813 iensis,
2099 781 2179 808 testis
2187 790 2195 814 ς

1273 830 1436 857 Rainerius
1454 830 1569 857 Gnidon
1577 831 1600 857 is
1617 830 1650 858 (Ie
1665 832 1878 867 Septimiliano
1894 832 1926 859 ‹te
1942 833 2078 866 Sabinia,
2099 834 2194 865 testis,·

1275 882 1491 918 Boneinsiynia
1503 882 1600 917 juder
1616 882 1649 909 (Ie
1668 883 1800 910 Matiana
1813 884 1847 910 tle
1863 884 2000 912 Sahinia.
2021 886 2122 914 testis:

1277 934 1431 962 Donatleus
1447 935 1634 962 scriniarius
1650 935 1681 961 ilc
1702 936 1844 969 tvi-tento,
1866 938 1961 964 lestis:

1274 987 1424 1015 Jolianncs
1442 987 1588 1014 Gnidonis
1603 987 1635 1013 (Ic
1655 988 1799 1016 l‘triculo.
1819 990 1917 1022 testis;

1277 1040 1461 1068 Octavianus
1477 1039 1510 1066 (Ie
1530 1040 1673 1068 [ste-teuto.
1691 1041 1789 1075 lestis,-

1274 1093 1425 1121 Joliannes
1441 1092 1474 1119 tle
1491 1092 1611 1125 Tibure,
1631 1092 1722 1119 testis.

1275 1146 1334 1181 Eyo
1357 1145 1461 1172 Petrus
1483 1144 1516 1172 ile
1538 1144 1646 1172 Sancto
1672 1145 1739 1172 Polo
1763 1145 1812 1172 Dei
1832 1145 1931 1180 qratia
1952 1151 2051 1173 snm-te
2071 1146 2199 1174 Romane

1236 1198 1352 1227 ecclesie
1363 1197 1561 1230 scriniarius,
1576 1201 1699 1232 royatus
1712 1197 1790 1225 hanc
1802 1198 1951 1225 cartulam
1966 1199 2092 1234 propria
2106 1207 2199 1226 manu

1235 1251 1356 1287 scripsi.

1196 1407 1271 1445 [12]
1292 1409 1326 1436 De
1341 1407 1438 1436 coelem
1452 1407 1471 1434 ¹.

1275 1513 1313 1540 In
1342 1513 1463 1540 nomine
1489 1512 1619 1540 Domini.
1646 1512 1732 1539 Anno
1754 1512 1817 1548 ejus
1843 1512 2017 1540 nativitatis
2039 1512 2202 1540 millesimo

1238 1565 1421 1595 CCXXXIIII.
1440 1565 1605 1593 indictione
1617 1564 1699 1592 l'IIct
1709 1573 1790 1592 anno
1806 1564 2074 1600 lf'lllpontisicatus
2083 1564 2203 1593 domini

1238 1619 1375 1655 Gregorii
1392 1618 1472 1647 I'IIII
1486 1626 1571 1654 pape,
1589 1626 1686 1645 mense
1700 1622 1838 1653 numism,
1858 1616 1904 1644 elie
1921 1617 1991 1645 XI’I.
2009 1617 2066 1651 lfao
2080 1617 2199 1653 quidem

1237 1671 1519 1700 Bonumconsilinm
1536 1670 1569 1697 (le
1582 1670 1701 1697 Narnia
1717 1670 1771 1697 hac
1785 1669 1831 1697 die
1842 1670 1985 1705 presenti,
1997 1670 2123 1705 propria
2138 1677 2199 1697 mea

1236 1725 1311 1752 bona
1328 1724 1482 1751 voluntate
1502 1722 1657 1756 renuntio,
1681 1721 1748 1749 cerlo
1766 1726 1792 1749 et
1810 1721 1920 1748 *mantio
1940 1721 2017 1749 voltis
2037 1721 2202 1749 Crescentio

1237 1776 1354 1805 domini
1373 1785 1447 1812 pape
1463 1775 1639 1811 cappellano
1654 1778 1679 1802 et
1699 1775 1843 1810 ›nayistro
1864 1774 2003 1810 Philippo
2021 1773 2053 1801 de
2074 1773 2202 1802 Ceccano

1238 1829 1347 1857 nuntio
1370 1828 1489 1855 ‹Ioniini
1510 1836 1584 1863 pape
1607 1827 1820 1862 recipientibus
1844 1826 2057 1862 procuratorio
2081 1826 2202 1853 nomine

1234 1890 1290 1918 pro
1313 1881 1434 1909 domino
1455 1880 1595 1915 Greyorio
1613 1887 1732 1905 summo
1752 1878 1892 1915 pontifice
1917 1878 2037 1913 ejusque
2055 1885 2203 1905 successo-

1238 1935 1322 1962 ribus
1338 1934 1557 1969 inperpetuum
1574 1931 1698 1967 calopus
1710 1935 1733 1958 et
1751 1931 1915 1958 utilitatem
1931 1930 2046 1957 ecclesie
2060 1930 2201 1957 Romane.

1237 1986 1374 2015 videlieet
1399 1994 1484 2013 omne
1500 1985 1554 2021 jus
1575 1988 1601 2011 et
1621 1983 1769 2011 actionem
1791 1983 1965 2018 petitionem
1990 1986 2201 2018 competentem

1239 2040 1321 2068 nobis
1350 2043 1457 2067 contra
1482 2037 1639 2065 dominum
1662 2044 1775 2072 papam
1806 2040 1831 2063 ct
1856 2036 2008 2063 ecclesiam
2036 2035 2201 2062 Romanam

1237 2092 1356 2120 ratione
1373 2098 1408 2119 cc
1425 2089 1601 2125 octuayinta
1622 2089 1716 2116 trium
1742 2088 1892 2115 librarum
1911 2087 2110 2121 lucrensium,
2130 2095 2204 2122 quas

1238 2144 1382 2172 mutuavi
1398 2141 1615 2171 communitati
1633 2141 1666 2168 cle
1689 2145 1786 2168 castro
1808 2140 1956 2173 Utriculi,
1980 2140 2059 2167 sicut
2080 2143 2204 2175 apparet

1236 2206 1290 2235 per
1302 2197 1458 2233 publicum
1481 2196 1720 2223 instrumentwn
1737 2193 1884 2229 scriptum
1902 2201 1957 2229 per
1972 2200 2098 2219 manum
2121 2191 2205 2219 Greci

1238 2249 1416 2283 scriniarii,
1443 2247 1522 2284 quod
1547 2246 1747 2275 cancellatum
1774 2246 1854 2274 vobis
1877 2244 1977 2278 retldffi
1999 2249 2024 2272 et
2045 2244 2125 2272 (licta
2142 2244 2206 2279 ejus

1239 2302 1331 2330 deleri
1345 2300 1478 2338 precipio
1492 2304 1525 2327 ut
1542 2298 1649 2327 amodo
1666 2299 1726 2326 rim
1743 2298 1789 2325 vel
1804 2297 1897 2325 robur
1915 2297 2034 2324 nullum
2050 2296 2206 2332 optineant

1238 2360 1264 2384 et
1281 2355 1376 2383 michi
1392 2362 1452 2382 non
1466 2353 1628 2390 proficiant
1642 2356 1667 2380 et
1683 2351 1805 2379 domino
1816 2358 1892 2387 pape
1906 2354 1930 2377 et
1945 2349 2060 2377 ecclesie
2076 2348 2206 2376 Romane

1239 2416 1300 2437 non
1324 2410 1458 2435 noceant.
1483 2405 1555 2434 Cedo
1578 2412 1693 2443 quoque
1717 2408 1743 2431 et
1770 2402 1882 2430 mando
1905 2401 1986 2430 vohis
2005 2408 2061 2437 pro
2083 2400 2206 2428 domino

1236 2469 1317 2498 papa
1336 2464 1363 2488 et
1382 2458 1504 2488 ecclesia
1530 2457 1665 2486 Romana
1688 2463 1774 2484 omne
1790 2455 1845 2492 jas
1867 2458 1893 2482 et
1915 2453 2047 2481 actiones
2067 2453 2160 2480 reales
2179 2456 2206 2480 ct

1236 2512 1418 2551 personales,
1436 2511 1542 2539 tacitas
1553 2514 1579 2538 et
1592 2516 1754 2545 eccpressas⁷
1771 2507 1805 2535 de
1816 2506 1910 2535 debito
1926 2506 1958 2534 in
1972 2513 2029 2542 quo
2042 2504 2206 2542 ¹ipsimichi

1240 2566 1426 2595 tenebantur.
1451 2563 1536 2591 Hanc
1558 2566 1659 2590 autem
1678 2560 1889 2595 refutationem
1907 2563 1932 2587 et
1949 2559 2106 2586 cessionem
2128 2557 2206 2585 vobis

1237 2627 1292 2656 pro
1317 2617 1439 2646 domino
1457 2623 1536 2653 papa
1557 2618 1581 2643 et
1602 2613 1722 2642 ecclesia
1749 2613 1882 2641 Romana
1908 2611 1986 2646 facio
2013 2610 2086 2647 quia
2113 2609 2205 2646 liquet

1240 2670 1335 2699 michi
1358 2673 1493 2698 castrum
1521 2666 1651 2696 Utriculi
1673 2673 1739 2694 cum
1761 2673 1814 2692 suo
1838 2663 2001 2692 tenimento
2020 2666 2046 2690 ct
2065 2661 2206 2690 omnibus
2225 2694 2229 2696 ,

1237 2721 1432 2761 pertinentiis
1447 2720 1513 2748 suis
1528 2719 1567 2747 ad
1584 2718 1744 2746 dominum
1757 2724 1871 2754 papam
1887 2720 1912 2744 et
1927 2715 2081 2743 ecclesiam
2097 2714 2206 2742 Roma—

1241 2784 1313 2804 nam
1333 2774 1420 2811 pleno
1435 2773 1508 2808 jure
1531 2775 1675 2808 spectare,
1702 2774 1727 2798 et
1751 2769 1916 2805 recepimus
1939 2776 1955 2795 a
1978 2767 2060 2795 vobis
2084 2766 2206 2794 nomine

1241 2939 1262 2964 1.
1291 2936 1398 2966 Narni,
1427 2934 1458 2961 16
1486 2934 1553 2959 anm
1584 2932 1659 2958 1⁴:34.
1689 2944 1724 2951 —-
1752 2930 1906 2962 Quittance
1930 2929 1965 2954 de
1991 2927 2205 2962 Boncousigho.

1202 2985 1340 3014 (Mance,
1356 2982 1407 3009 ‘283
1422 2982 1525 3011 livi-<³32
1543 2987 1654 3006 somme
1670 2979 1802 3010 touchiae,
1819 2977 1870 3004 ‘205
1887 2977 1983 3003 livi-es.

2031 3037 2064 3063 67
