2392 3571
669 336 719 366 LE
742 336 886 366 LIBER
908 335 1141 366 CENSUUM
1164 335 1219 364 DE
1243 329 1428 364 L'EGLISE
1451 335 1658 365 ROMAINE.
2146 335 2204 366 597

161 408 299 435 personas
322 401 415 436 ipsius
430 409 462 428 ac
478 402 586 428 amicos
602 406 630 428 et
649 410 790 436 sequaces
810 402 917 429 domini
932 401 1123 428 Mercennarii

161 449 196 476 de
214 449 292 481 Esio,
310 450 418 477 ratione
436 458 610 477 excessuum
625 451 846 477 commissorum
866 459 914 485 per
930 451 1009 485 ipsos
1025 455 1123 477 contra

160 498 318 525 Romanam
333 499 494 531 ecclesiam,
511 507 560 533 per
572 499 714 533 quondam
730 499 899 534 magistrum
915 498 1072 525 Giffredum
1089 498 1123 525 de

160 547 293 581 Anagnia
310 551 379 574 tunc
395 547 519 574 Marchie
537 548 717 574 Anconitane
734 552 885 575 rectorem.

196 595 332 623 Promisit
347 597 466 631 insuper
480 596 610 622 sindicus
625 597 809 631 supradictus
824 596 901 631 quod
921 604 1044 623 comune
1060 604 1125 631 pre-

156 645 248 672 fatum
265 649 313 672 aut
329 645 429 680 quevis
444 645 498 672 alia
513 653 636 680 persona
652 646 745 680 ipsius
760 646 884 672 civitatis
899 646 961 672 sive
977 646 1125 672 districtus

160 701 248 729 super
276 694 384 720 eisdem
409 694 501 720 tribus
524 693 639 720 milibus
664 694 744 720 libris
769 693 979 720 Ravennatium
1007 698 1037 720 ut
1062 702 1125 728 pre-

160 742 264 769 dicitur
286 742 408 769 ecclesie
431 741 560 768 Romane
587 742 718 768 remissis
741 742 859 768 eandem
883 742 1034 768 ecclesiam
1059 743 1124 768 nul-

161 791 272 818 latenus
308 791 508 821 molestabunt,
540 790 594 816 sub
624 790 797 824 obligatione
826 791 954 817 omnium
984 791 1124 817 bonorum

160 839 292 867 comunis
308 838 448 873 ejusdem.

196 888 301 914 Actum
321 887 396 922 apud
412 887 664 918 Urbemveterem,
683 887 867 922 presentibus
883 887 1020 921 magistro
1038 887 1125 914 Paulo

159 937 194 964 de
220 936 309 963 Reate
335 937 441 963 clerico
466 944 597 966 camere,
623 935 787 962 Guidarello
811 936 846 962 de
873 935 1040 963 Urbeveteri
1065 945 1126 962 ser-

159 986 265 1018 viente,
292 985 438 1012 Sinibaldo
462 993 581 1012 cursore
604 984 711 1011 domini
734 992 820 1019 pape,
841 984 926 1010 fratre
952 984 1068 1011 Nicolao
1092 986 1127 1011 de

160 1034 262 1060 Trebis
278 1034 388 1060 ordinis
404 1034 504 1060 militie
518 1033 639 1068 Templi,
654 1033 825 1060 Rollandino
843 1032 986 1067 Paganelli
1000 1034 1033 1059 de
1049 1033 1127 1061 Luca

160 1087 188 1110 et
204 1083 340 1118 magistro
357 1082 473 1109 Simone
487 1082 522 1109 de
538 1081 627 1116 Urbe,
644 1081 751 1108 domini
769 1090 840 1116 pape
855 1082 1006 1116 scriptore.
1024 1082 1058 1108 Et
1073 1091 1127 1117 ego

159 1131 288 1158 Jacobus
309 1130 405 1157 Pisani
422 1131 456 1157 de
480 1130 609 1157 Viterbio
631 1130 787 1164 apostolica
806 1130 977 1157 auctoritate
999 1134 1027 1156 et
1051 1139 1128 1157 nunc

161 1188 273 1207 camere
295 1179 402 1206 domini
425 1187 496 1214 pape
519 1179 648 1206 notarius
666 1179 818 1213 premissis
834 1179 960 1212 interfui,
979 1183 1007 1205 et
1021 1183 1127 1206 cetera.

129 1321 309 1356 [CCCLXVJ.
324 1337 356 1340 —
371 1321 519 1348 Pnoinssio
536 1329 568 1347 ετ
583 1329 727 1348 οΒιιῦΑτιο
741 1330 836 1348 sus-mci
851 1330 943 1349 casa-ni
957 1329 1128 1348 csnrmucsn-

161 1379 251 1398 mmm
272 1379 355 1397 suren
379 1379 463 1397 ceusu
486 1378 576 1397 muno
597 1379 612 1396 ι,
635 1379 771 1397 tinniunt
794 1379 985 1397 pamnmoamu
1009 1370 1128 1397 Romus

162 1428 286 1446 sscctssm
302 1428 500 1446 SOLVENDARUM
510 1421 530 1446 ¹.

197 1517 228 1543 ln
260 1517 374 1543 nomine
409 1516 534 1547 Domini,
564 1525 658 1544 amen.
689 1517 774 1543 Anno
805 1517 960 1544 nativitatis
985 1517 1127 1544 dominice

161 1565 458 1598 M⁰CC⁰LXXXXI⁰‚
497 1566 634 1592 inditione
667 1565 764 1596 Inita,
805 1566 989 1600 pontificatus
1020 1566 1127 1592 domini

162 1614 272 1641 Nicolai
297 1622 367 1648 pape
391 1614 467 1640 111111
487 1623 560 1640 anno
584 1615 680 1645 tertio,
705 1615 813 1641 mensis
830 1615 954 1649 januarii
976 1615 1022 1641 die
1037 1614 1064 1641 ΙΙ
1081 1616 1127 1641 in-

163 1663 273 1689 trantis.
300 1662 331 1689 In
354 1664 497 1697 presentia
519 1663 574 1689 mei
594 1664 694 1689 notarii
719 1668 747 1689 et
769 1664 887 1689 testium
905 1664 1127 1698 susci-iptorum,

161 1711 288 1738 Jacobns
304 1711 369 1737 Saxi
385 1712 419 1737 de
436 1716 530 1737 castro
541 1711 811 1743 Centumcellarum,
826 1712 965 1746 syndicus
981 1715 1009 1738 et
1024 1720 1128 1747 procu-

162 1764 239 1786 rator
254 1760 402 1786 hominum
425 1765 453 1786 et
477 1761 673 1786 universitatis
696 1760 763 1787 dicti
784 1762 869 1787 castri
890 1761 925 1787 ad
947 1761 1128 1796 infrascripta

163 1809 326 1843 specialiter
338 1809 524 1839 constitutus,
540 1817 635 1835 coram
648 1809 802 1835 venerabili
815 1810 874 1835 viro
883 1809 998 1836 domino
1010 1809 1127 1836 Nicolao

162 1857 268 1884 domini
288 1866 357 1891 pape
380 1858 535 1883 camerario
559 1861 587 1883 et
611 1858 719 1883 notario
737 1858 924 1892 personaliter
939 1859 1126 1887 constitutus,

162 1906 386 1932 instrumentum
399 1907 444 1932 sui
459 1906 629 1940 syndicatus
641 1906 772 1932 exhibuit
785 1909 893 1933 tenoris
909 1912 935 1933 et
952 1908 1128 1933 continentie

160 1955 351 1989 infrascripte.

198 2003 229 2029 In
262 2004 374 2029 nomine
404 2003 538 2036 Domini,
564 2013 658 2030 amen.
689 2006 773 2030 Anno
806 2006 962 2031 nativitatis
996 2005 1127 2039 ejusdem

163 2052 455 2082 Moecoiixxxxh,
490 2057 619 2087 tempore
653 2053 763 2079 domini
797 2053 903 2080 Nicolai
935 2062 1005 2088 pape
1034 2053 1127 2087 nuti,

162 2103 207 2128 die
224 2101 310 2127 XXV
333 2103 441 2128 mensis
462 2102 640 2131 decembris,
663 2102 800 2128 inditione
820 2107 936 2136 quarta,
953 2107 1128 2137 congregato

163 2151 282 2177 consilio
308 2152 424 2184 speciali
445 2156 471 2177 et
495 2152 619 2185 generali
646 2155 673 2177 et
701 2152 854 2178 universali
878 2153 1051 2186 pai-lamento
1076 2154 1128 2179 ho-

163 2200 271 2226 minum
302 2204 330 2226 et
363 2200 558 2226 universitatis
588 2202 675 2226 castri
702 2200 907 2227 Centumcellis
934 2203 967 2227 de
997 2202 1128 2228 mandato

162 2248 277 2274 discreti
291 2248 341 2274 riri
359 2248 432 2275 l'etri
451 2248 561 2275 Basscii
578 2250 612 2275 de
629 2249 717 2277 Urbe,
731 2250 877 2276 castellani
894 2251 979 2276 castri
997 2251 1126 2285 predicti.

163 2298 195 2322 ad
211 2304 313 2322 sonum
337 2305 473 2331 campane
496 2302 524 2323 et
543 2305 644 2323 vocem
668 2299 818 2332 preconis,
841 2303 869 2324 ut
887 2299 974 2325 moris
989 2303 1048 2329 est,
1068 2300 1128 2334 ipse

163 2346 336 2372 castellanus
361 2353 426 2371 cum
450 2346 612 2379 voluntate,
634 2347 802 2372 auctoritate
822 2351 907 2380 atque
930 2346 1044 2373 decreto
1061 2348 1129 2374 dicti

163 2394 275 2420 consilii
291 2398 319 2420 et
337 2394 507 2420 universalis
522 2394 690 2429 parlamenti
706 2394 774 2421 dicti
788 2395 874 2421 castri
892 2399 921 2421 et
935 2395 1042 2422 dictum
1057 2405 1129 2422 con-

163 2443 257 2469 silium
275 2447 302 2469 et
319 2444 526 2477 parlamentum
540 2451 605 2469 cum
620 2444 777 2475 voluntate,
794 2444 963 2471 auctoritate
980 2449 1064 2479 atque
1080 2445 1129 2471 de-

163 2495 240 2517 creto
256 2492 325 2517 dicti
341 2491 487 2517 castellani
502 2491 642 2525 iecerunt,
655 2492 871 2519 constituerunt
886 2497 913 2519 et
928 2493 1131 2520 ordinaverunt

163 2539 305 2566 Jacobum
332 2540 400 2565 Saxi
421 2540 455 2565 de
478 2540 579 2566 eodem
599 2540 671 2572 loco,
690 2545 852 2575 presentem
869 2546 897 2568 et
912 2543 1130 2577 suscipientem,

163 2596 262 2614 eorum
278 2588 421 2614 sindicum
437 2592 463 2614 et
486 2593 698 2622 procuratorem
719 2593 747 2615 et
769 2590 901 2616 nuntium
921 2590 1074 2625 specialem
1096 2591 1130 2617 ad

165 2738 189 2765 1.
206 2737 332 2769 Orvieto,
349 2738 363 2764 ‘2
378 2738 491 2772 janvier
508 2738 586 2765 1291.
603 2752 637 2758 —
659 2738 810 2770 Muratori,
828 2742 905 2770 Ant..
924 2745 942 2766 t.
961 2740 1002 2771 ΙΙ,
1022 2750 1048 2775 p.
1067 2742 1127 2768 567.

128 2800 163 2806 —-
187 2786 225 2812 Le
251 2786 528 2821 procureur-syndic
550 2786 585 2812 de
609 2786 700 2813 civita
726 2787 867 2821 Vecchia,
894 2797 929 2814 en
955 2794 1035 2815 vertu
1062 2789 1127 2815 d’un

129 2835 244 2862 mandat
258 2835 293 2861 de
310 2843 340 2861 sa
357 2844 518 2866 commune,
533 2835 597 2862 date
608 2835 644 2862 du
662 2836 694 2863 ‘25
709 2836 860 2863 decembre
881 2837 955 2868 1290,
970 2838 1044 2872 regle
1060 2846 1128 2864 avec

129 2884 154 2909 le
170 2886 307 2909 camerier
323 2883 438 2909 Nic-uias
455 2884 496 2909 les
511 2883 675 2910 conditions
691 2884 762 2911 dans
781 2886 933 2919 lesquelles
949 2894 980 2912 se
997 2890 1128 2912 trouvera

130 2931 244 2959 celle-ci
266 2934 280 2957 a
301 2931 405 2963 l'egnrd
428 2932 461 2957 de
485 2932 731 2959 l'administration
756 2934 926 2968 pontificale.
948 2934 989 2960 Cf.
1008 2934 1126 2966 Calisse,

129 2980 221 3007 Storia
236 2981 265 3006 dc·
282 2981 490 3014 Civitaneccliz'a,
509 2990 535 3014 p.
555 2982 603 3008 187
620 2987 647 3008 et
663 2983 738 3009 suiv.

1241 400 1394 434 petendum
1419 405 1446 427 et
1473 402 1692 436 supplicandum
1722 402 1905 429 sanctissimo
1935 403 2004 437 patri
2031 406 2058 429 et
2087 402 2203 429 domino

1240 449 1356 476 domino
1371 449 1488 476 Nicolao
1503 450 1597 476 divina
1614 451 1791 485 providentia
1805 460 1875 486 papa
1892 450 1969 477 111110
1985 451 2059 486 quod
2075 455 2201 479 castrum

1241 497 1508 530 Centumcellarum,
1523 499 1598 533 quod
1610 499 1643 526 ad
1657 499 1813 526 Romanam
1827 500 1976 526 ecclesiam
1988 501 2108 535 pertinet
2119 501 2201 535 pleno

1238 546 1312 582 jure,
1335 547 1419 573 faciat
1442 547 1602 573 immediate
1619 549 1645 574 in
1663 549 1866 583 temporalibus
1887 558 1934 583 per
1954 549 2044 583 ipsius
2060 557 2201 576 cameram

1242 594 1302 628 regi
1312 603 1345 620 ac
1353 595 1437 620 etiam
1454 595 1617 628 gubernari.
1627 596 1669 622 Ita
1680 597 1754 630 quod
1765 597 1938 624 universitas
1950 602 1977 624 et
1994 599 2124 624 homines
2135 598 2203 625 dicti

1241 644 1327 669 castri
1348 643 1425 669 sicut
1445 643 1537 676 ipsius
1560 644 1686 671 Ecclesie
1707 646 1812 672 subditi
1829 646 1969 680 speciales
1983 655 2037 673 non
2054 651 2203 674 teneantur

1243 699 1335 725 neque
1350 692 1481 726 compelli
1499 693 1610 726 possint
1625 693 1709 720 alicui
1727 694 1768 720 vel
1785 695 1927 729 aliquibus
1943 695 2006 721 aliis
2030 695 2084 722 nisi
2106 704 2202 722 came-

1243 740 1316 766 rario
1333 739 1440 766 domini
1457 749 1527 774 pape
1543 742 1590 774 qui
1609 750 1657 775 pro
1675 747 1800 777 ternpore
1817 743 1901 770 fuerit
1925 744 1966 769 vel
1985 745 2139 771 castellano
2155 745 2201 779 qui

1242 797 1293 823 per
1314 788 1461 815 dominum
1488 798 1587 823 papam
1612 791 1654 816 vel
1675 792 1766 825 ipsius
1788 800 1927 818 cameram
1944 792 1978 818 ad
2001 793 2158 819 custodiam
2176 798 2203 820 et

1243 837 1370 871 regimen
1391 837 1460 863 dicti
1482 839 1567 864 castri
1591 839 1675 865 fuerit
1698 840 1860 874 deputatus,
1877 841 1903 866 in
1921 842 2124 876 temporalibus
2141 850 2203 868 res—

1244 885 1386 919 pondere;
1423 886 1612 913 laudabilibus
1641 896 1673 914 ac
1700 889 1863 922 approbatis
1889 890 2148 917 consuetudinibus
2176 894 2204 916 et

1244 935 1360 961 statutis
1376 934 1523 960 bominum
1545 935 1611 962 dicti
1635 938 1720 962 castri
1737 945 1792 970 que
1809 946 1862 963 non
1881 938 1938 964 sint
1954 945 2051 964 contra
2069 941 2202 965 bonorem

1244 987 1272 1009 et
1283 983 1498 1017 jurisditionem
1513 984 1641 1011 Romane
1652 986 1774 1011 ecclesie
1791 986 1965 1020 integraliter
1979 988 2131 1014 reservatis
2146 989 2204 1014 eis-

1244 1031 1319 1058 dem.
1334 1031 1369 1058 Et
1378 1032 1411 1057 ad
1424 1032 1598 1058 offerendum
1611 1037 1638 1058 et
1651 1034 1869 1067 promittendum
1886 1035 1998 1061 nomine
2012 1036 2203 1062 universitatis

1245 1085 1273 1106 et
1289 1081 1437 1106 bominum
1454 1081 1582 1115 ejusdem
1599 1083 1685 1108 castri
1701 1087 1728 1108 et
1745 1091 1793 1115 pro
1811 1083 1880 1117 ipsis
1897 1088 2010 1118 propter
2026 1084 2080 1110 hoc
2094 1084 2203 1118 specia-

1245 1129 1309 1155 liter
1325 1129 1480 1155 venerabili
1494 1130 1553 1155 viro
1565 1130 1702 1163 magistro
1718 1130 1834 1157 Nicolao
1852 1131 1884 1157 de
1898 1131 1997 1157 Trebis
2013 1131 2119 1158 domini
2135 1141 2204 1167 pape

1245 1179 1401 1204 camerario
1417 1183 1445 1204 et
1462 1179 1580 1209 notarie.
1599 1179 1747 1213 recipienti
1764 1184 1792 1206 et
1807 1180 1953 1215 stipulanti
1972 1182 2084 1207 nomine
2099 1185 2127 1207 et
2144 1182 2204 1208 vice

1245 1226 1354 1253 domini
1371 1235 1442 1262 pape
1458 1232 1485 1253 et
1500 1228 1623 1254 ecclesie
1638 1228 1789 1262 prelibate,
1809 1230 1921 1255 nomine
1937 1237 2043 1256 census
2063 1231 2205 1264 quinqua-

1246 1276 1324 1309 ginta
1340 1276 1427 1302 libras
1439 1276 1650 1310 paparinorum,
1665 1285 1713 1310 per
1726 1285 1775 1302 eos
1789 1278 1832 1303 vel
1848 1279 1976 1312 ipsorum
1993 1283 2204 1312 procuratorem

1246 1324 1330 1350 annis
1353 1325 1476 1359 singulis
1498 1325 1570 1351 intra
1589 1325 1762 1359 quindenam
1782 1334 1796 1352 a
1818 1326 1863 1352 die
1879 1326 2043 1353 Nativitatis
2065 1327 2206 1354 dominice

1247 1373 1437 1399 numerandas
1451 1374 1477 1399 in
1497 1378 1665 1408 perpetuum
1677 1382 1789 1400 camere
1800 1376 1930 1409 ejusdem
1943 1376 2064 1402 ecclesie
2077 1376 2207 1402 ubicum-

1245 1431 1300 1457 que
1314 1423 1443 1449 Romana
1454 1424 1533 1449 curia
1544 1423 1629 1449 fuerit
1640 1424 1667 1449 in
1686 1424 1769 1449 terris
1785 1424 1877 1458 ipsius
1892 1424 2012 1450 ecclesie
2024 1433 2088 1451 cum
2105 1425 2204 1451 effectu

1245 1471 1408 1498 solvendas.
1425 1472 1454 1497 Si
1468 1480 1534 1497 vero
1547 1471 1644 1497 eadem
1659 1473 1737 1498 curia
1748 1476 1826 1498 extra
1843 1476 1945 1498 terram
1960 1473 2094 1499 resederit
2106 1482 2207 1508 supra-

1245 1521 1360 1553 dictam,
1373 1521 1507 1555 prefatam
1523 1521 1644 1554 pecunie
1656 1521 1842 1554 quantitatem
1856 1522 2018 1556 persolvent
2030 1522 2206 1548 thesaurario

1246 1570 1408 1604 patrimonii
1426 1578 1476 1604 per
1491 1569 1640 1595 ecclesiam
1657 1569 1794 1599 ordinato,
1808 1570 1894 1595 salvis
1909 1575 1936 1595 et
1953 1571 2076 1604 plenarie
2091 1570 2206 1597 domino

1247 1628 1316 1653 pape
1333 1624 1358 1644 et
1376 1619 1497 1644 ecclesie
1514 1618 1640 1644 Romane
1653 1618 1786 1644 omnibus
1801 1618 1865 1643 aliis
1876 1619 1992 1651 juribus
2007 1619 2205 1653 etjnrisditio-

1247 1668 1332 1693 nibus
1356 1677 1411 1701 qne
1432 1668 1458 1693 in
1483 1668 1590 1701 prefato
1616 1672 1709 1693 castro
1734 1676 1766 1693 ac
1791 1669 1855 1701 ejus
1881 1668 2023 1693 territorio
2048 1669 2206 1695 dinoscitur

1245 1716 1384 1742 obtinere.
1398 1716 1506 1741 Dantes
1521 1721 1547 1741 et
1563 1716 1778 1748 conc-,edelultes
1792 1716 1883 1742 eidem
1898 1718 2073 1750 procuratori
2091 1718 2204 1751 plenum

1246 1769 1273 1790 et
1290 1764 1412 1799 speciale
1430 1765 1591 1790 mandatum
1612 1764 1721 1795 jurandi
1742 1764 1768 1789 in
1791 1765 1912 1790 animam
1935 1765 2080 1791 hominnm
2097 1771 2124 1791 et
2140 1775 2205 1800 spe-

1246 1814 1359 1840 cialium
1386 1821 1570 1847 personarum
1599 1812 1793 1838 universitatis
1820 1813 1904 1839 castri
1936 1813 2052 1847 predicti
2082 1815 2205 1848 predicta

1245 1863 1339 1887 omnia
1366 1863 1468 1887 babere
1495 1862 1572 1887 firma
1598 1867 1625 1887 et
1651 1866 1708 1887 rata
1731 1865 1759 1886 et
1783 1870 1815 1887 ea
1840 1862 2016 1895 integraliter
2042 1862 2204 1891 observare.

1247 1912 1445 1945 promittentes
1469 1911 1535 1935 milii
1559 1911 1682 1940 notario,
1707 1911 1854 1944 recipienti
1875 1915 1903 1936 et
1926 1912 2072 1945 stipulanti
2093 1920 2206 1937 nornine

1246 1964 1273 1984 et
1301 1960 1359 1985 rice
1385 1960 1490 1984 domini
1518 1968 1586 1992 pape
1609 1963 1636 1983 et
1661 1960 1724 1992 ejus
1747 1959 1910 1988 camerarii,
1933 1960 2025 1984 omnia
2047 1964 2075 1985 et
2094 1960 2206 1993 singula

1247 2009 1410 2041 supradicta
1433 2013 1459 2033 et
1482 2007 1616 2041 quicquid
1637 2009 1661 2032 in
1681 2008 1732 2033 bac
1749 2012 1827 2041 parte
1849 2016 1898 2041 per
1916 2008 2046 2033 eumdem
2065 2008 2205 2034 sindicum

1247 2066 1297 2083 seu
1325 2062 1534 2091 procuratorem
1561 2058 1687 2091 ipsorum
1712 2061 1817 2087 actum,
1845 2059 2017 2090 promissum
2045 2063 2072 2083 et
2094 2063 2205 2088 gestum

1246 2106 1372 2131 extiterit
1389 2114 1438 2131 sen
1456 2106 1537 2130 etiam
1556 2110 1746 2139 procuratum,
1762 2106 1816 2131 snb
1830 2106 2002 2139 obligatione
2019 2115 2050 2131 ac
2067 2108 2205 2140 ypotheca

1246 2155 1372 2180 oninium
1386 2155 1523 2179 bonorum
1534 2154 1729 2179 universitatis
1741 2154 1869 2187 ejusdem
1883 2156 1967 2180 castri
1980 2160 2007 2180 et
2018 2155 2205 2188 singularium

1247 2211 1431 2238 personarum
1454 2202 1544 2236 ipsius
1561 2210 1592 2228 se
1609 2202 1809 2228 inviolabiliter
1826 2208 1991 2229 servaturos
2008 2212 2039 2228 :ie
2054 2204 2136 2229 etiam
2156 2205 2208 2229 im-

1248 2253 1383 2286 pleturos.
1403 2252 1506 2277 Actum
1528 2252 1555 2276 in
1577 2250 1782 2276 Centnineellis
1801 2252 1854 2277 snb
1875 2252 1983 2285 porticu
2002 2253 2092 2278 <ancti
2107 2252 2207 2278 Jacobi

1245 2301 1273 2326 in
1297 2301 1386 2334 platea
1414 2299 1565 2325 Comunis.
1591 2300 1774 2333 presentibus
1801 2300 1915 2325 domino
1942 2299 2086 2326 Leonardo
2113 2302 2207 2334 priore

1247 2349 1349 2375 Sancte
1367 2348 1454 2374 Mai-ie
1471 2348 1503 2373 de
1523 2347 1601 2373 Valle
1618 2348 1651 2373 de
1669 2348 1882 2375 Centnincellis.
1901 2350 2060 2382 presbitero
2075 2349 2207 2375 Johanne

1245 2398 1382 2424 canonico
1406 2397 1480 2423 dicte
1506 2396 1643 2423 ecclesie.
1666 2397 1780 2422 domino
1802 2397 1949 2423 Taneredo
1973 2398 2006 2423 de
2031 2397 2125 2424 Monte
2149 2398 2206 2424 Co-

1246 2454 1361 2475 cozone,
1388 2446 1505 2471 Alberto
1525 2445 1632 2471 domini
1654 2444 1787 2479 R‘aynerii
1804 2445 1838 2471 de
1854 2446 1953 2471 eodem
1975 2446 2050 2477 loco,
2070 2447 2207 2480 magistro

1247 2495 1347 2521 Cazato
1364 2496 1483 2527 notario⁷
1502 2495 1638 2529 magistro
1654 2494 1749 2520 Leone
1775 2495 1883 2521 notario
1904 2500 1931 2521 et
1955 2497 2092 2529 magistro
2114 2495 2207 2522 «Ianne

1247 2544 1414 2578 symeonis,
1449 2543 1607 2569 rectoribus
1636 2548 1709 2569 terre
1740 2543 1882 2577 predicte.
1913 2543 2068 2570 Jacobucio
2098 2546 2206 2571 scolare

1247 2593 1338 2619 sancti
1359 2592 1467 2618 Nicolai
1483 2597 1511 2618 et
1526 2592 1629 2618 Giliolo
1647 2592 1778 2618 Pomone.
1798 2593 1919 2618 testibus
1935 2592 1968 2617 ad
1985 2593 2038 2619 hoc
2055 2595 2163 2619 vocatis
2180 2598 2207 2619 et

1247 2642 1364 2676 rogatis.
1382 2640 1416 2666 Et
1432 2649 1484 2674 ego
1500 2639 1647 2666 Johannes
1663 2640 1783 2666 Rubeus
1807 2641 1873 2666 olim
1894 2640 2086 2667 Bai-tholomei
2107 2646 2207 2668 aucto-

1247 2692 1329 2717 ritate
1351 2690 1424 2715 alme
1443 2689 1531 2715 Urbis
1547 2690 1653 2723 prefata
1671 2689 1839 2715 auctoritate
1856 2690 1983 2715 notarius
2003 2694 2030 2715 et
2047 2698 2123 2716 nunc
2138 2690 2207 2716 dicti

1247 2740 1392 2766 castellani
1416 2743 1443 2764 et
1466 2739 1659 2765 universitatis
1685 2739 1770 2763 castri
1797 2738 1914 2773 predicti
1941 2739 2046 2769 scriba,
2072 2740 2207 2774 predictis

1246 2789 1380 2815 omnibus
1395 2787 1509 2814 interfui
1525 2792 1553 2813 et
1573 2792 1691 2822 rogatus
1707 2787 1811 2822 scripsi
1832 2791 1859 2813 et
1883 2787 2024 2822 publicavi
2043 2789 2206 2823 me[o]que¹

1247 2838 1329 2872 signo
1345 2845 1431 2871 supra
1447 2836 1569 2870 signavi.

1248 2983 1271 3008 l,
1290 2984 1349 3009 Cocl.
1371 2990 1498 3016 meaque.
