2392 3571
638 359 687 388 LE
711 359 857 388 LIBER
879 358 1111 389 CENSUUM
1135 358 1190 387 DE
1213 348 1399 387 1,'1‹':GLISE
1423 357 1632 387 ROMAINE.
2120 358 2177 388 500

130 426 229 454 diviso
249 426 292 454 vel
310 425 445 454 indiviso
461 426 495 454 in
512 425 657 462 predictis
678 426 786 454 castris
810 427 894 454 intus
913 430 939 454 et
961 430 1046 454 extra
1068 430 1094 454 et

129 487 182 515 per
194 482 287 506 totum
302 486 405 506 eorum
419 478 609 506 territorium
623 483 648 506 ct
659 478 832 506 districtum
844 483 887 513 ;et
900 483 959 506 tam
971 478 1095 507 nomine

129 539 193 559 meo
211 539 302 567 quam
325 530 401 558 dicte
416 531 524 558 umoris
545 539 607 558 mee
622 539 639 559 a
654 531 789 568 presenti
804 531 840 559 do
861 535 951 567 atque
970 529 1095 559 concedo

131 584 191 620 ipsi
204 583 327 612 domino
340 592 416 620 pape
427 583 551 620 suisque
562 584 779 612 successoribus
791 584 912 620 plenam
926 588 951 611 et
968 583 1093 611 liberam

128 641 302 674 potestatem
320 636 461 665 intrandi
481 641 507 665 et
523 636 692 673 accipiendi
707 644 761 673 per
777 645 806 664 se
824 637 868 664 cel
884 645 937 672 per
949 644 1096 672 procura-

131 694 222 718 torem
247 698 339 718 suum
367 689 550 718 auctoritate
572 689 698 725 propria
719 689 931 725 possessionem
955 688 1093 716 omnium

127 741 348 778 predictorum,
366 745 392 769 et
411 741 542 769 habendi
561 739 683 769 tenendi
695 745 720 769 et
734 740 908 777 possidendi
927 740 966 768 ad
981 748 1055 777 opus
1071 745 1096 768 et

130 794 295 822 ¹utilitatem
322 793 452 821 Romane
469 793 588 821 ecclesie
605 793 640 821 in
657 797 835 829 perpetuum
858 793 962 820 omnia
985 801 1097 828 supra-

130 846 224 881 dicta,
245 850 271 874 et
289 845 438 882 quicquid
455 853 508 874 nos
525 845 572 874 *vel
586 846 649 873 alia
665 854 793 882 persona
806 854 862 882 pro
879 845 962 873 nobis
978 845 1012 873 de
1027 854 1097 882 pre-

130 898 220 928 dictis
237 898 379 926 omnibus
395 898 598 935 possidemus,
623 907 640 925 a
655 898 790 934 presenti
807 898 1024 927 constituimus
1046 906 1098 926 nos

130 951 253 980 nomine
268 951 398 979 Romane
412 951 530 980 ecclesie
543 950 703 987 possidere.
721 950 812 979 Salvo
826 959 880 987 per
893 951 998 978 omnia
1015 951 1098 978 nobis

130 1007 156 1032 et
172 1003 330 1032 heredibus
345 1007 371 1031 et
389 1003 609 1032 successoribus
624 1003 737 1031 nostris
750 1007 908 1040 perpetuo,
927 1003 1005 1039 quod
1022 1003 1097 1031 uni—

131 1064 233 1085 versas
249 1056 448 1094 possessiones
465 1060 490 1084 et
513 1055 587 1084 bono
608 1060 710 1084 nostra
730 1055 901 1084 immobilia
923 1060 1008 1084 extra
1027 1063 1098 1083 mu-

130 1109 265 1137 nitiones
277 1108 485 1145 predictorum
505 1112 676 1137 castrorum
696 1109 821 1145 positas,
838 1112 864 1136 et
879 1116 980 1136 omnes
994 1107 1098 1136 reddi-

133 1166 180 1190 tus
193 1161 394 1190 vassallorum
409 1165 582 1190 nostrorum
600 1169 673 1197 quos
687 1165 713 1189 et
729 1169 785 1197 que
796 1161 890 1197 liujus
899 1161 1099 1189 alienationis

133 1218 262 1251 tempore
274 1214 306 1242 in
319 1214 428 1242 castris
437 1213 602 1242 habuimus
615 1213 802 1247 memoratis,
816 1214 852 1242 ab
862 1213 959 1242 eodem
973 1213 1055 1241 domi
1059 1221 1098 1241 no

129 1275 210 1304 papa
224 1267 348 1304 suisque
361 1267 577 1295 successoribus
592 1271 618 1295 et
634 1267 768 1295 Romana
784 1266 904 1295 ecelesia
921 1267 954 1295 in
971 1266 1099 1302 feudum

131 1319 166 1348 de
181 1324 274 1348 cetero
291 1324 456 1354 teneamus,
474 1324 500 1347 et
519 1327 555 1348 ea:
570 1319 644 1356 ipsis
657 1323 830 1356 potestatem
846 1319 971 1348 liberam
989 1319 1099 1348 habea-

132 1380 201 1400 mus
215 1371 385 1407 alienandi,
406 1372 550 1407 testandi,
569 1371 781 1408 relinquendi,
801 1371 938 1400 donandi
951 1377 978 1400 et
997 1372 1099 1409 dispo-

131 1424 224 1453 nendi
239 1424 398 1453 heredibus
411 1429 436 1453 et
451 1425 670 1454 suecessoribus
685 1425 798 1453 nostris
813 1425 858 1453 vel
873 1425 946 1453 aliis
958 1425 1100 1454 vassallis

131 1477 250 1506 ecclesie
270 1477 305 1506 in
328 1477 496 1514 Campania
519 1477 692 1506 constitutis
709 1486 765 1514 pro
782 1482 882 1506 nostre
902 1478 1032 1506 arbitrio
1046 1485 1100 1506 ‘vo-

134 1530 284 1565 luntatis;
305 1530 349 1558 ila
377 1534 478 1558 tamen
502 1530 581 1567 quod
604 1539 656 1558 nos
682 1534 707 1558 el
734 1530 853 1558 heredes
875 1535 901 1558 et
921 1538 1100 1559 successores

134 1583 233 1612 nostri
255 1582 362 1611 exinde
387 1582 507 1611 domini
530 1591 607 1620 pape
631 1587 657 1611 et
683 1583 814 1611 Romane
833 1582 950 1611 ecclesie
974 1582 1101 1611 vassalli

133 1636 230 1665 simus
243 1640 387 1673 perpetuo
402 1640 428 1664 et
443 1635 552 1672 fideles,
572 1639 599 1664 et
615 1635 722 1664 eisdem
739 1639 863 1672 propter
884 1635 938 1664 hoc
958 1635 1100 1672 speciali·

135 1694 179 1717 ter
193 1693 361 1726 prestemus
378 1688 557 1724 homagium
576 1688 744 1725 personale.
766 1688 824 1716 Pro
846 1696 906 1724 qua
927 1687 1100 1716 venditione

133 1749 184 1770 seu
199 1741 386 1770 alienatione
405 1745 431 1769 et
455 1740 621 1768 traditione
640 1739 783 1776 confiteor
798 1749 844 1768 me
860 1741 982 1768 nomine
997 1748 1061 1768 meo
1074 1745 1100 1768 et

130 1794 266 1831 predicte
285 1794 389 1822 uxoris
406 1802 467 1821 mee
484 1793 624 1830 recepisse
639 1797 664 1821 et
685 1793 825 1821 habuisse
842 1801 897 1829 per
918 1801 1030 1821 manus
1047 1793 1101 1821 do·

135 1847 217 1874 mini
231 1846 385 1875 Benedicti
399 1846 465 1874 dom
473 1846 518 1873 ini
529 1854 605 1882 pape
617 1846 782 1873 camerarii
800 1854 867 1874 nom
875 1846 922 1874 ine
939 1846 1036 1882 ipsius
1048 1845 1101 1873 do-

135 1900 216 1928 mini
230 1908 306 1936 pape
324 1899 418 1927 michi
434 1899 577 1927 solventis
595 1898 825 1934 quinquaqinta
844 1899 937 1926 libras
955 1899 1098 1926 bonorum

133 1953 386 1990 proveniensium
407 1956 548 1985 senatus7
571 1951 605 1979 de
628 1951 738 1987 quib-us
762 1951 831 1978 bene
858 1959 901 1978 me
929 1959 996 1979 coco
1015 1951 1102 1987 quie—

137 2010 199 2034 tum
217 2009 243 2034 et
259 2005 345 2042 plene
358 2009 516 2042 papatum,
536 2004 704 2040 exceptioni
725 2012 782 2031 non
805 2008 963 2031 numerate
976 2004 1102 2040 pecunie

137 2058 259 2087 nomine
275 2066 339 2086 meo
361 2062 387 2085 et
405 2057 538 2094 predicte
562 2057 668 2084 uxoris
695 2065 754 2084 mee
778 2056 996 2084 renuntiando.
1018 2056 1054 2084 Et
1075 2057 1103 2084 si

133 2111 268 2149 predicta
285 2111 360 2139 bona
372 2110 444 2147 plus
460 2110 572 2143 calent,
586 2113 679 2137 totum
693 2118 710 2137 a
722 2109 855 2145 presenti
869 2108 962 2137 eidem
979 2108 1103 2137 domino

135 2172 210 2201 pape
225 2168 250 2192 et
264 2163 482 2191 suecessoribus
498 2163 563 2190 suis
577 2169 613 2190 ae
634 2162 762 2189 Romane
785 2161 901 2189 ecclesie
923 2161 999 2189 dono
1014 2166 1103 2198 atque

136 2217 260 2246 concedo
281 2216 403 2245 nomine
421 2224 484 2244 meo
500 2219 526 2243 et
541 2215 648 2243 uxoris
664 2223 724 2242 mee
741 2214 830 2242 libere
852 2214 883 2242 in
902 2219 1101 2251 perpetuum,-

133 2270 317 2307 promittens
329 2277 385 2306 pro
399 2277 445 2296 me
464 2277 498 2296 ac
517 2267 652 2304 predicta
669 2275 762 2295 ‘uxore
780 2275 844 2295 mea
866 2267 1036 2303 nostrisque
1051 2267 1104 2295 he-

137 2321 258 2350 redibus
284 2326 310 2350 et
338 2321 556 2349 successoribus
580 2319 761 2356 juramento
784 2327 801 2346 a
833 2327 878 2347 me
905 2319 1105 2355 corporaliter

135 2375 270 2411 prestito,
292 2374 370 2402 hanc
390 2373 591 2402 venditionem
616 2376 642 2400 et
664 2371 861 2399 traditionem
883 2375 910 2399 et
931 2371 1035 2399 onznia
1050 2379 1104 2399 su-

134 2427 276 2465 pradicta
292 2431 362 2454 rata
379 2430 405 2454 et
419 2425 512 2462 firma
526 2432 641 2461 semper
653 2424 759 2452 habere
774 2428 800 2452 et
810 2428 954 2461 perpetuo
970 2424 1104 2452 inviola-

137 2480 240 2509 biliter
257 2479 413 2508 observare
436 2482 462 2506 et
483 2485 543 2506 non
561 2481 666 2506 contra
682 2477 796 2510 venire,
815 2475 864 2504 sed
879 2477 906 2504 si
921 2485 995 2513 opus
1009 2480 1035 2504 et
1053 2484 1104 2504 ne-

138 2541 212 2562 cesse
225 2532 321 2568 suerit
339 2531 473 2568 leqitime
488 2529 643 2565 defendere
657 2529 693 2557 ab
711 2529 796 2557 omni
815 2537 956 2566 persona.
981 2529 1062 2562 Quod
1077 2529 1105 2557 si

137 2585 274 2622 predicta
296 2584 400 2612 omnia
422 2592 441 2611 a
464 2592 510 2611 me
532 2587 558 2610 et
579 2582 716 2619 predicta
742 2590 836 2610 uxore
852 2590 917 2609 mea
936 2582 1106 2618 nostrisque

138 2637 296 2666 heredibus
314 2641 340 2665 et
354 2635 572 2664 successoribus
582 2643 643 2663 non
657 2635 776 2670 suerint
791 2634 957 2668 observata,
976 2635 1023 2662 cel
1035 2643 1106 2671 quo-

139 2689 209 2718 libet
224 2689 312 2718 modo
333 2688 506 2717 venerimus
521 2692 626 2716 contra
635 2695 720 2724 prem
728 2686 961 2723 issa,predictas
979 2695 996 2715 L
1012 2687 1106 2715 libras

138 2743 263 2772 nomine
280 2750 356 2779 pene
381 2741 491 2778 duplas
506 2740 601 2768 eidem
627 2740 751 2768 domino
767 2748 845 2777 pape
865 2744 890 2768 et
912 2740 1043 2768 Romane
1060 2749 1106 2768 ec-

138 2796 224 2824 clesie
250 2794 398 2832 promitto
428 2801 472 2821 me
503 2793 618 2829 inte9re
647 2793 838 2826 soluturum,
863 2796 888 2821 et
908 2801 986 2829 pena
1008 2792 1106 2821 soluta

141 2849 235 2885 hujus
250 2847 436 2876 vvenditionis
452 2850 477 2874 et
493 2845 692 2874 alienationis
705 2849 876 2873 contractus
892 2845 924 2872 in
940 2853 995 2873 sua
1008 2845 1107 2873 nichi-

141 2901 276 2930 lominus
293 2903 472 2937 permaneat
493 2897 650 2934 firmitate.
681 2897 739 2926 Pro
758 2897 820 2925 hiis
842 2901 941 2925 autem
968 2897 1109 2925 omnibus

140 2953 272 2990 firmiter
287 2951 482 2981 observandis
496 2951 601 2979 omnia
615 2950 679 2978 alia
699 2958 761 2978 mea
777 2949 851 2977 bona
868 2949 991 2977 mobilia
1004 2954 1030 2978 et
1048 2950 1108 2978 im-

141 3005 266 3034 mobilia
281 3004 433 3042 presentia
450 3007 476 3032 et
488 3004 597 3038 sutura
612 3002 706 3031 eidem
724 3001 847 3030 domino
860 3010 936 3038 pape
952 3006 977 3029 et
993 3010 1108 3030 sucees-

1215 423 1333 452 soribus
1347 424 1412 451 suis
1427 424 1536 459 obtuso,
1556 429 1582 451 et
1600 424 1698 452 cadem
1721 429 1844 461 propter
1859 425 1911 453 hoc
1926 426 2097 462 specialiter
2109 434 2180 462 pre-

1215 476 1300 504 cario
1318 484 1363 503 me
1377 476 1413 503 ab
1430 476 1502 512 ipsis
1522 477 1670 504 constituo
1683 477 1842 513 possidere,
1860 478 2046 506 renuntians
2067 479 2097 505 in
2116 478 2179 506 hiis

1215 529 1355 557 omnibus
1371 529 1457 556 omni
1470 529 1557 564 juris
1577 530 1697 558 ausilio
1712 531 1854 558 canonici
1871 535 1896 558 et
1919 531 2037 566 civilis,
2053 539 2178 559 consue-

1217 580 1321 608 tudini
1340 585 1366 608 et
1387 585 1511 614 statuto,
1536 586 1561 609 ct
1586 583 1671 610 omni
1693 583 1808 611 actioni
1823 584 1991 620 exceptioni
2012 589 2037 612 et
2061 585 2178 620 reique

1214 637 1331 669 possent
1355 633 1430 661 obici
1455 638 1558 661 contra
1587 634 1825 663 instrumentum
1851 636 1897 663 rel
1917 637 2042 671 suctum.
2071 637 2177 664 Actum

1213 685 1402 722 presentibus
1416 686 1536 713 testibus
1552 686 1656 714 adhoc
1669 688 1839 723 specialiter
1855 688 1976 724 romnis,
1993 689 2104 716 scilieet
2121 697 2130 715 :

1257 737 1380 765 domino
1397 738 1552 766 Benedicto
1569 738 1687 766 domini
1700 748 1776 776 pape
1792 741 1972 774 camerario,
1993 745 2078 775 teste,-

1257 790 1380 818 domino
1396 790 1546 827 Stephano
1561 791 1715 827 capellano
1731 791 1848 819 domini
1862 800 1946 829 pape,
1967 797 2050 827 teste,-

1258 842 1406 879 mayistro
1421 842 1551 878 Iloll'rido
1567 843 1675 877 L'berti,
1695 848 1780 879 18319,-

1258 894 1381 923 domino
1395 894 1532 922 Johanne
1545 895 1578 922 de
1598 895 1780 930 Gai-inians),
1799 901 1883 931 teste,-

1259 952 1284 975 et
1302 947 1424 975 domino
1439 947 1575 975 Johanne
1592 947 1624 975 cle
1640 948 1806 984 Raymzldo,
1825 954 1903 977 teste.

1257 1000 1292 1028 Et
1308 1008 1358 1035 eqo
1373 999 1536 1027 Riccardus
1553 1000 1723 1036 imperialis
1734 1001 1802 1028 aule
1817 1002 2004 1030 scriniarius
2019 1002 2096 1030 hanc
2111 1010 2181 1029 car-

1219 1056 1282 1080 tam
1300 1052 1462 1088 utriusque
1474 1052 1574 1088 partis
1589 1060 1733 1080 consensu
1749 1054 1895 1090 complevi
1914 1058 2047 1089 royatuS.

1179 1208 1339 1238 CCLIIII.
1360 1225 1398 1230 —
1421 1207 1569 1238 CAnTULA
1587 1217 1789 1238 vmm'rioxis
1808 1209 1951 1238 mouit-1
1977 1219 2014 1239 nt:
2038 1210 2182 1241 Rocemo

1219 1270 1317 1291 men:
1333 1270 1371 1290 ΒΕ
1387 1269 1476 1291 noxis
1493 1270 1558 1290 suls
1570 1262 1593 1289 ¹.

1260 1368 1298 1396 In
1315 1368 1437 1395 nomine
1451 1367 1583 1401 Domini,
1601 1375 1702 1395 amen.
1722 1368 1808 1395 Anno
1827 1367 2054 1396 incarnationis
2070 1369 2185 1398 Christi

1220 1421 1384 1449 millesimo
1401 1420 1605 1449 ducentesimo
1627 1421 1778 1448 tricesimo
1800 1421 1898 1455 tertio,
1918 1421 2115 1458 pontificatus
2132 1421 2185 1450 do-

1220 1474 1302 1501 mini
1316 1473 1347 1502 G.
1362 1482 1438 1510 pape
1454 1474 1530 1501 noni
1545 1481 1628 1501 anno
1642 1477 1733 1507 sexto,
1750 1482 1850 1502 mense
1863 1474 2016 1509 februarii
2030 1474 2078 1502 die
2095 1483 2183 1508 nono,

1220 1526 1388 1554 indictione
1402 1530 1497 1554 sexta.
1514 1525 1574 1562 Eyo
1585 1525 1733 1561 Radulfus
1743 1525 1778 1554 de
1789 1526 1913 1562 Royerio
1926 1526 1982 1555 hac
1995 1527 2043 1555 die
2051 1528 2186 1564 presenti

1218 1579 1345 1615 propria
1370 1582 1395 1606 et
1419 1582 1586 1615 spontanea
1607 1578 1762 1606 voluntate
1782 1578 1877 1606 vendo
1898 1583 1925 1607 et
1945 1579 2186 1608 irrevocabiliter

1222 1630 1307 1659 trado
1324 1631 1378 1659 tibi
1393 1631 1538 1667 magistro
1552 1631 1651 1659 Boetio
1660 1630 1865 1668 dominipape
1875 1631 1982 1660 clerico
1992 1636 2018 1660 et
2028 1632 2185 1667 familiari

1217 1671 1432 1721 procuratorio
1450 1684 1573 1712 nomine
1584 1692 1642 1720 pro
1652 1683 1775 1712 domino
1786 1692 1867 1720 papa
1881 1689 1907 1712 et
1919 1685 2053 1713 Romana
2065 1685 2184 1713 ecclesia

1221 1740 1248 1764 et
1263 1735 1302 1764 ad
1317 1744 1390 1772 opus
1407 1740 1433 1764 et
1451 1735 1615 1763 utilitatem
1634 1735 1769 1772 ipsorum
1790 1736 1820 1764 in
1837 1740 2030 1773 perpetuum7
2051 1736 2187 1765 videlieet

1223 1794 1315 1818 totam
1333 1793 1359 1817 et
1378 1789 1529 1825 inteyram
1541 1793 1662 1826 partem
1683 1798 1779 1817 meanz
1801 1798 1882 1818 rocce
1902 1794 1929 1817 et
1948 1790 2042 1818 castri
2061 1789 2186 1818 Paliani

1222 1846 1248 1870 et
1266 1850 1344 1870 rocce
1359 1850 1393 1869 ac
1408 1842 1503 1870 castri
1517 1841 1659 1870 Serronis
1675 1850 1742 1870 cum
1763 1842 1848 1870 omni
1861 1842 1950 1878 jure,
1965 1842 2186 1878 jurisdictione

1222 1894 1390 1928 eloctione,
1407 1893 1545 1922 dominio
1559 1898 1585 1922 et
1599 1894 1722 1927 honore,
1736 1898 1761 1922 et
1772 1902 1840 1922 cum
1854 1893 1992 1922 domibus
2001 1899 2028 1922 et
2041 1894 2188 1923 casalinis

1223 1955 1299 1983 quas
1313 1951 1340 1974 et
1357 1954 1413 1983 que
1434 1947 1467 1974 in
1482 1946 1628 1983 predictis
1650 1947 1743 1975 roccis
1759 1947 1848 1975 habeo
1866 1952 1892 1975 et
1917 1947 1996 1975 mihi
2016 1952 2188 1984 competunt

1220 2007 1277 2036 pro
1292 1999 1391 2027 diviso
1409 1999 1453 2027 vel
1468 1999 1614 2034 indiviso,
1633 2004 1660 2027 et
1677 2004 1737 2027 tant
1756 2000 1787 2027 in
1809 1999 1951 2028 vassallis
1968 2008 2060 2036 quam
2078 2001 2110 2028 in
2128 2004 2188 2028 ter-

1223 2052 1279 2085 ris,
1302 2051 1416 2086 vineis,
1431 2053 1547 2088 pratis,
1566 2052 1730 2087 montibus,
1751 2052 1891 2086 collibus,
1906 2053 2069 2089 planiciis,
2088 2053 2186 2087 silvis,

1221 2105 1360 2142 pascuis,
1386 2105 1478 2141 aquis
1501 2109 1526 2132 et
1551 2105 1790 2133 comunitatibus
1814 2106 1982 2141 universis,
2010 2107 2089 2134 sicut
2109 2106 2189 2134 mihi

1224 2162 1250 2185 et
1271 2157 1430 2186 heredibus
1451 2158 1526 2186 meis
1546 2162 1718 2195 competunt
1738 2166 1794 2195 pro
1811 2157 1910 2186 diviso
1932 2159 1978 2186 vel
2001 2159 2134 2187 indiviso
2155 2159 2187 2187 in

1222 2210 1366 2247 predictis
1385 2211 1494 2238 castris
1513 2211 1596 2238 intus
1611 2215 1636 2238 et
1651 2215 1736 2239 (τινα
1753 2215 1779 2239 et
1791 2219 1847 2248 per
1864 2215 1956 2240 totum
1976 2220 2078 2240 eorum
2098 2211 2190 2240 terri-

1225 2263 1338 2291 torium
1354 2267 1380 2291 et
1395 2263 1582 2298 districtum,
1599 2267 1625 2291 et
1641 2263 1790 2300 quicquid
1800 2271 1850 2300 eqo
1864 2264 1909 2292 vel
1920 2264 1984 2292 alia
1992 2272 2120 2301 persona
2134 2272 2190 2301 pro

1225 2323 1272 2343 me
1295 2314 1329 2343 de
1347 2314 1493 2351 predictis
1515 2315 1655 2343 omnibus
1677 2315 1865 2352 possidemus
1895 2316 2044 2344 constituo
2065 2325 2109 2344 me
2134 2324 2190 2345 no-

1225 2367 1309 2395 mine
1326 2367 1457 2395 Romane
1477 2367 1594 2396 ecclesie
1614 2367 1780 2404 possidere,
1808 2367 1884 2396 dans
1906 2373 1933 2396 et
1950 2369 2109 2397 concedens
2133 2368 2191 2406 ipsi

1226 2419 1350 2448 dom‘ino
1366 2427 1443 2456 pape
1463 2419 1587 2448 liberam
1608 2424 1783 2456 potestatem
1810 2420 1953 2449 intrandi
1971 2425 1998 2450 et
2021 2421 2191 2459 accipiendi

1225 2480 1278 2509 per
1298 2480 1328 2500 se
1352 2471 1395 2500 cel
1416 2480 1471 2508 per
1487 2476 1721 2508 procuratorem
1743 2481 1833 2500 suum
1861 2474 2042 2502 auctoritate
2062 2474 2190 2511 propria

1223 2524 1437 2561 possessionem
1456 2524 1595 2552 omnium
1610 2523 1826 2560 predictorum,
1851 2530 1878 2553 et
1896 2525 2037 2561 habendi,
2058 2526 2187 2562 tenendi,

1224 2576 1397 2614 possidendi
1410 2581 1553 2614 perpetuo
1567 2576 1607 2605 ad
1621 2585 1695 2614 opus
1707 2582 1733 2605 et
1751 2578 1914 2606 utilitatem
1928 2579 2059 2608 Romane
2074 2580 2193 2609 ecclesie

1227 2630 1333 2658 omnia
1347 2629 1541 2666 supradicta,
1560 2630 1644 2658 salvo
1658 2638 1714 2666 per
1728 2631 1834 2658 omnia
1852 2631 1946 2659 miehi
1958 2636 1984 2659 et
1995 2631 2154 2662 heredibus
2165 2637 2191 2662 et

1227 2682 1445 2711 successoribus
1465 2682 1539 2710 meis
1551 2687 1706 2719 perpetuo,
1727 2682 1806 2719 ‘quod
1822 2683 1983 2712 universas
1992 2685 2192 2720 possessiones

1226 2860 1251 2886 1.
1277 2860 1294 2886 9
1318 2859 1423 2886 sevi-ier
1449 2859 1526 2887 1233.
1548 2873 1585 2879 -
1606 2858 1716 2885 Radulf
1734 2858 1769 2885 de
1792 2859 1919 2894 Rogerio
1943 2860 2015 2886 vend
2037 2869 2072 2888 au
2096 2861 2192 2888 Saint—

1190 2907 1290 2942 siege,
1314 2909 1480 2941 represent&
1503 2915 1554 2941 par
1578 2907 1603 2932 le
1626 2907 1701 2933 clerc
1719 2907 1824 2940 Bo’ece,
1842 2915 1874 2933 sa
1895 2912 1957 2942 part
1976 2908 2010 2934 de
2031 2909 2148 2936 Paliano
2165 2915 2193 2936 et

1190 2955 1314 2982 Seri-one
1330 2963 1402 2990 pour
1418 2963 1473 2981 une
1487 2963 1598 2981 somme
1615 2957 1682 2988 (non
1699 2955 1852 2982 transm-ite
1867 2956 1915 2988 ici)
1935 2964 1991 2990 que
2007 2957 2045 2983 lui
2060 2966 2076 2984 a
2093 2960 2192 2985 versee

1189 3003 1215 3030 le
1230 3004 1370 3030 camerini·
1392 3002 1503 3029 Benuit.
