2392 3571
125 331 182 361 598

199 396 278 423 Unde
298 396 424 422 Jacobus
443 396 509 422 Saxi
526 396 655 430 ejusdem
672 396 758 422 castri
782 395 1040 423 Centumcellarum
1062 396 1122 422 sin·

161 445 244 471 dicus
261 445 427 479 prelibatus,
442 453 474 470 ex
493 445 589 478 vigore
606 448 632 470 et
648 445 817 470 auctoritate
834 445 982 480 prescripti
997 444 1123 471 sindica-

161 498 220 524 tus,
240 502 308 527 purc
325 502 357 519 ac
374 493 461 519 libere
477 502 632 527 secumque
650 494 730 528 plena
745 493 948 520 deliberatione
966 494 1121 529 prehabita,

160 541 312 568 sindicario
329 546 356 568 et
373 542 566 576 procuratorio
583 542 697 567 nomine
715 542 861 568 bominum
878 546 905 568 et
928 542 1123 569 universitatis

161 591 246 616 castri
263 589 521 616 Centuuicellarum
537 598 586 624 per
599 589 752 623 legitimam
766 591 978 625 stipulationem
994 591 1123 626 promisit

162 638 252 664 eidem
270 638 384 664 domino
398 638 555 664 camerario
571 638 717 672 stipulanti
734 643 760 664 et
775 639 922 674 recipienti
943 647 992 674 pro
1008 640 1122 666 domino

162 696 231 721 papa
247 691 274 712 et
291 687 511 712 successoribus
528 687 590 712 suis
605 691 633 712 et
654 686 782 713 Romana
804 688 925 714 ecclesia
945 693 973 714 et
991 689 1055 722 ejus
1075 696 1121 714 ca-

161 744 236 761 mera
251 743 364 761 exnunc
381 736 407 761 in
428 739 511 761 antea
531 735 597 761 dare
617 740 645 761 et
666 736 776 762 solvere
798 745 862 762 cum
880 736 982 763 effectu
1000 737 1122 771 singulis

160 784 243 810 annis
260 784 350 809 eidem
368 792 479 809 camere
496 783 669 818 ubicumque
690 785 767 810 curia
786 785 914 811 Romana
930 785 956 811 in
974 786 1058 812 terris
1074 793 1123 812 ec-

159 833 244 860 clesie
261 833 355 864 fuerit,
373 833 496 867 alioquin
515 834 691 859 thesaurario
714 834 875 867 patrimonii
897 834 970 860 beati
994 834 1069 860 Petri
1093 835 1120 861 in

158 881 262 907 Tuscia
279 881 346 908 inibi
365 890 414 916 per
429 881 587 908 Romanam
610 883 759 908 ecclesiam
782 883 958 916 deputando,
979 884 1122 918 quinqua-

160 932 236 965 ginta
254 931 339 957 libras
354 931 552 965 paparinorum
573 932 644 957 infra
662 932 834 965 quindenam
852 932 1015 958 Nativitatis
1031 932 1122 959 domi-

161 981 221 1005 nice
244 980 276 1005 ad
301 979 436 1005 indicium
459 984 592 1014 percepto
617 980 800 1014 protectionis
824 985 850 1007 et
874 982 1065 1016 exemptionis
1088 982 1121 1008 ab

160 1028 258 1054 eodem
276 1028 390 1053 domino
407 1037 487 1062 papa,
505 1027 637 1054 videlicet
656 1028 729 1062 quod
749 1029 879 1055 homines
900 1033 927 1055 et
949 1030 1122 1056 universitas

159 1077 226 1102 dicti
249 1078 334 1102 castri
362 1076 622 1102 Centumcellarum
648 1085 662 1102 a
684 1077 868 1111 jurisditione
893 1078 1011 1104 rectoris
1035 1078 1121 1112 patri-

160 1125 245 1151 monii
263 1124 334 1150 beati
353 1124 429 1150 Petri
444 1125 471 1150 in
487 1124 591 1151 Tuscia
607 1126 728 1159 ejusque
745 1125 904 1152 officialium
920 1126 967 1160 qui
987 1134 1035 1160 pro
1053 1130 1120 1152 tem-

159 1181 226 1208 pore
245 1173 349 1199 suerint
369 1173 427 1199 sint
447 1173 587 1208 exempti,
604 1177 632 1199 et
647 1174 721 1208 quod
739 1174 773 1199 de
789 1178 885 1200 cetero
908 1174 962 1200 sub
985 1176 1073 1201 tutela
1093 1178 1122 1201 et

159 1223 297 1256 regimine
318 1230 429 1248 camere
452 1221 530 1248 sedis
551 1223 708 1257 apostolice
733 1223 895 1257 specialiter
922 1227 1121 1257 permanentes

158 1271 191 1296 de
204 1271 322 1304 juribus
338 1270 459 1296 ecclesie
476 1270 605 1296 Romane
621 1270 724 1296 debitis
740 1271 830 1297 eideni
848 1279 959 1297 camere
974 1272 1121 1298 dumtaxat

159 1324 187 1346 et
209 1320 277 1346 nulli
299 1320 345 1346 alii
371 1319 544 1354 respondere
565 1323 728 1350 teneantur,
746 1328 777 1345 ae
801 1321 878 1346 illum
899 1321 1037 1355 recipient.
1059 1323 1121 1347 sine

159 1368 337 1395 condictione
349 1368 475 1402 qualibet
490 1369 516 1394 in
535 1372 673 1394 rectorem
691 1368 736 1402 qni
750 1368 781 1394 ad
797 1377 895 1394 eorum
908 1373 936 1394 et
952 1369 1017 1395 dicti
1035 1369 1120 1395 castri

160 1417 285 1451 regimen
302 1417 336 1442 de
354 1417 460 1443 domini
481 1426 551 1451 pape
567 1417 742 1443 conscientia
764 1418 848 1443 suerit
866 1426 914 1451 per
930 1418 1057 1443 eamdem
1075 1426 1121 1444 ca-

159 1474 263 1492 merani
280 1466 441 1500 specialiter
457 1466 629 1499 ‹leputatns2
649 1466 838 1491 laudabilibus
860 1466 1121 1492 consuetudinibus

159 1519 186 1540 et
202 1515 316 1540 statutis
334 1515 479 1540 bominum
497 1518 524 1539 et
546 1514 741 1539 universitatis
762 1515 847 1540 castri
866 1515 963 1548 prefati
986 1523 1038 1540 non
1058 1523 1120 1549 pre-

155 1563 352 1597 judicantibus
369 1562 546 1597 jorisditioni
563 1571 595 1588 nc
616 1562 731 1597 juribus
749 1571 803 1596 que
824 1563 931 1597 prefata
954 1563 1077 1589 ecclesia
1092 1564 1121 1589 in

158 1616 251 1638 castro
265 1612 390 1645 predicto
405 1613 526 1645 ejusque
543 1612 684 1637 territorio
700 1611 822 1645 plenarie
837 1611 955 1643 obtinet,
973 1616 1055 1646 prout
1071 1620 1122 1646 per

159 1661 233 1686 dicte
258 1661 335 1686 sedis
359 1660 544 1686 camerarium
568 1660 691 1694 singulis
714 1660 796 1685 annis
818 1660 922 1694 corrigi
945 1665 971 1686 et
997 1660 1121 1687 ordinari

159 1710 325 1743 contigerit,
343 1709 497 1735 reservatis
518 1709 624 1735 eisdem
646 1709 805 1735 secundum
824 1709 938 1735 modum
955 1713 982 1735 et
1002 1710 1119 1736 formam

158 1768 242 1793 quem
266 1764 292 1785 et
317 1768 401 1793 quam
426 1758 499 1784 idem
525 1758 657 1784 dominus
684 1767 754 1792 papa
777 1758 803 1784 in
828 1759 994 1790 apostolicis
1019 1760 1122 1786 litteris

159 1816 245 1842 super
281 1808 456 1842 protectione
493 1815 525 1832 ac
554 1808 736 1841 exemptione
767 1807 901 1841 predictis
935 1808 1122 1834 conficiendis

159 1856 377 1890 exprimendum
399 1855 511 1881 duxerit
534 1855 575 1880 vel
598 1856 821 1890 exprimendam.
846 1855 969 1889 Insuper
992 1857 1122 1890 promisit

160 1905 297 1940 syndicus
313 1905 495 1939 supradictus
514 1905 626 1930 nomine
648 1913 704 1938 quo
721 1913 808 1938 supra
825 1905 916 1931 cidem
938 1905 1053 1931 domino
1074 1914 1121 1932 ca-

159 1955 279 1980 merario
292 1955 438 1988 stipulanti
451 1958 478 1979 et
490 1954 636 1988 recipienti
651 1962 700 1987 pro
712 1954 826 1979 domino
840 1964 908 1988 papa
923 1955 1044 1988 ejusque
1059 1963 1122 1980 suc-

159 2003 333 2034 cessoribus,
350 2003 477 2028 Romana
492 2003 612 2028 ecclesia
626 2007 632 2022 ¹
648 2007 674 2028 et
690 2003 753 2036 ejus
767 2012 887 2035 camera,
901 2004 974 2037 qnod
988 2004 1121 2037 quotiens

158 2052 263 2077 dictum
287 2059 408 2077 comune
432 2059 546 2076 cessure
562 2052 713 2084 contigerit
739 2052 765 2076 in
786 2052 929 2077 solutione
954 2056 983 2078 ut
1005 2053 1120 2086 premit-

159 2100 226 2126 titur
243 2100 383 2126 dictarum
404 2100 611 2134 quinquaginta
628 2100 762 2126 librarum
781 2100 980 2135 paparinorum
992 2122 997 2131 ,
1015 2102 1120 2127 totiens

158 2149 271 2174 nomine
289 2157 360 2183 pene
377 2154 403 2174 et
419 2148 521 2175 solutis
538 2149 609 2183 ipsis
625 2149 830 2183 quinquaginta
849 2150 926 2176 libris
948 2149 1017 2176 alias
1033 2151 1120 2184 quin—

157 2198 292 2232 quaginta
314 2198 400 2223 libras
423 2198 550 2232 ejusdem
576 2203 687 2224 monete
711 2199 821 2232 integre
845 2199 988 2233 persolvet
1009 2208 1120 2226 camere

158 2251 321 2273 memorate.
335 2246 397 2278 Quo
412 2247 506 2272 omnia
520 2252 546 2272 et
561 2247 674 2281 singula
689 2247 763 2273 idem
778 2248 907 2274 sindicus
923 2249 1036 2274 nomine
1052 2248 1120 2274 dicti

156 2296 288 2322 comunis
315 2300 341 2322 et
366 2297 460 2331 ipsum
485 2304 606 2321 comune
631 2296 760 2330 promisit
788 2296 934 2322 attendere
959 2305 991 2323 ac
1018 2297 1121 2323 obser-

157 2354 221 2370 vare
254 2345 344 2371 lacere
370 2348 398 2370 et
427 2345 454 2370 in
480 2345 623 2378 integrum
656 2344 811 2379 adimplere
823 2367 829 2378 ,
861 2345 915 2371 sub
947 2345 1120 2380 obligatione

156 2394 295 2420 bonorum
313 2394 439 2420 omnium
455 2393 602 2419 hominum
620 2397 647 2420 et
665 2394 861 2420 universitatis
877 2394 1008 2428 ejusdem
1022 2396 1119 2426 castri,

156 2442 301 2468 mobilium
319 2446 347 2468 et
368 2443 570 2475 immobilium,
590 2442 767 2477 presentium
784 2447 812 2469 et
827 2443 999 2476 futurorum,
1023 2448 1050 2469 et
1066 2444 1119 2470 sub

157 2500 227 2526 pena
256 2492 335 2525 dupli
350 2491 424 2518 dicte
445 2492 624 2525 quantitatis.
642 2491 704 2524 Qua
725 2500 797 2527 pena
817 2493 909 2519 soluta
926 2493 969 2518 vel
985 2501 1058 2525 non,
1077 2493 1121 2519 ni-

157 2541 331 2567 chilominus
347 2541 442 2567 omnia
462 2545 490 2567 et
511 2541 625 2575 singula
645 2549 700 2575 que
721 2542 747 2567 in
765 2542 820 2568 hoc
843 2542 1034 2569 instrumento
1050 2550 1121 2568 con-

155 2591 282 2616 tinentur
298 2591 325 2616 in
342 2598 394 2616 sua
411 2594 595 2624 permaneant
611 2590 755 2616 firmitate.
772 2590 807 2616 Et
824 2590 857 2616 ad
876 2592 1011 2625 maiorem
1028 2592 1119 2618 firmi-

156 2643 241 2665 tatem
257 2639 385 2665 omnium
403 2639 594 2673 predictorum
618 2639 692 2665 idem
709 2639 856 2671 sindicus,
875 2641 988 2666 nomine
1004 2648 1037 2666 ac
1057 2641 1119 2667 vice

156 2695 207 2713 sua
223 2691 250 2713 et
266 2687 456 2721 singularium
473 2687 618 2713 hominum
638 2687 764 2722 predicte
780 2688 976 2714 universitatis
997 2697 1118 2722 quorum

156 2736 283 2763 sindicus
293 2739 320 2762 et
330 2739 495 2771 procurator
504 2736 611 2767 existit,
620 2736 729 2770 juravit
738 2736 822 2762 tactis
830 2737 1023 2763 sacrosanctis
1032 2745 1119 2763 evan-

156 2785 238 2819 geliis
260 2786 353 2811 omnia
374 2789 402 2811 et
422 2784 535 2819 singula
555 2785 718 2820 supradicta
734 2785 815 2820 plene
832 2785 894 2811 sine
912 2785 1008 2812 fraude
1025 2786 1118 2812 facere

156 2835 310 2865 attendere,
329 2835 481 2860 observare
495 2838 522 2860 et
535 2834 627 2861 facere
644 2835 798 2866 observari,
814 2835 876 2860 sine
890 2834 988 2861 fraude
1002 2839 1030 2861 et
1042 2835 1116 2861 dolo.

157 2980 180 3005 1.
199 2979 261 3006 Cod.
280 2979 408 3005 Romane
425 2979 557 3005 ecclesie.

666 330 715 358 LE
739 330 883 359 LIBER
906 329 1137 360 CENSUUM
1161 329 1214 359 DE
1239 320 1424 360 L’EGLISE
1446 329 1656 360 ROMAINE.

1276 396 1382 422 Actum
1403 396 1477 431 apud
1498 395 1735 423 Urbemveterem
1747 418 1753 430 ,
1770 397 1796 422 in
1814 404 1926 422 camera
1941 397 1968 423 in
1986 405 2041 430 qua
2058 396 2203 431 predictus

1241 443 1375 470 dominus
1391 444 1567 471 camerarius
1592 444 1766 475 morabatur,
1786 445 1969 479 presentibus
1986 444 2121 471 fratribus
2140 444 2203 472 Hu-

1240 501 1314 527 gone
1329 497 1357 518 et
1369 492 1501 519 Johanne
1518 493 1653 519 Mackarii
1675 493 1858 520 marescalcis
1874 494 1977 520 familie
1993 493 2099 520 domini
2116 502 2202 529 pape,

1240 541 1355 567 domino
1384 540 1504 568 Onnfrio
1533 541 1568 567 de
1597 541 1698 568 Trebis
1728 541 1865 568 canonico
1893 541 2083 573 Virdunensi,
2115 541 2203 568 Paulo

1240 588 1349 615 Caselle
1365 589 1399 615 de
1416 589 1513 621 Reate,
1529 589 1705 624 Boi-garneio
1721 590 1756 616 de
1775 589 1904 620 perusio,
1923 591 2059 624 magistro
2072 589 2203 617 Johanne

1242 637 1390 668 Draconis,
1407 637 1539 664 Johanne
1556 637 1658 664 Rubeo
1675 638 1784 664 notario
1807 637 2050 665 Centumcellensi
2071 642 2100 665 et
2118 638 2203 665 Octa-

1240 687 1323 712 viano
1340 686 1487 721 Raynerii,
1505 687 1630 713 testibus
1645 686 1678 713 ad
1696 687 1749 713 boc
1766 688 1885 714 vocatis.

1275 734 1311 760 Et
1326 743 1379 768 ego
1399 734 1527 761 ,Iacobus
1544 734 1638 761 Pisani
1655 735 1689 761 de
1709 735 1837 762 Viterbio
1858 735 2015 770 apostolica
2035 736 2204 763 auctoritate

1240 787 1268 808 et
1284 791 1360 809 nunc
1376 791 1487 810 camere
1504 783 1610 810 domini
1632 791 1702 818 pape
1724 784 1862 816 notarius,
1881 784 2029 817 premissis
2046 785 2160 811 interfui
2176 788 2204 811 et

1239 840 1271 858 ea
1285 836 1403 866 rogatus
1419 832 1544 859 scribere
1561 832 1681 859 fideliter
1697 833 1800 867 scripsi
1816 836 1843 859 et
1859 837 1964 859 cetera.

1208 985 1404 1020 {CCCLan
1422 1002 1453 1005 —
1470 986 1574 1013 Ennio
1590 995 1681 1013 CASTni
1699 986 1827 1013 Misimus
1840 991 1858 1012 ¹.

1274 1087 1306 1113 In
1336 1088 1449 1114 nomine
1476 1087 1609 1121 Domini,
1633 1095 1726 1113 umen.
1756 1088 1841 1113 Anno
1869 1087 2033 1114 Nativitatis
2062 1088 2205 1114 dominice

1240 1135 1560 1166 MoccoLxxxvini,
1579 1136 1717 1162 inditione
1733 1135 1874 1169 secunda,
1893 1137 2076 1171 pontificatus
2097 1136 2205 1163 domini

1239 1184 1348 1211 Nicolai
1366 1194 1436 1220 pape
1453 1185 1528 1211 IIIi¹i
1545 1193 1619 1211 anno
1635 1185 1772 1216 secundo,
1791 1193 1889 1211 mense
1902 1186 1967 1219 julii
1984 1185 2029 1211 die
2044 1187 2144 1220 quinto
2160 1186 2204 1212 in-

1240 1234 1352 1267 trantis,
1376 1236 1404 1260 in
1430 1235 1572 1267 presentia
1594 1235 1648 1260 mei
1667 1235 1768 1260 notarii
1785 1238 1812 1260 et
1829 1235 1945 1261 testium
1963 1235 2202 1270 subscriptorum,

1239 1283 1371 1309 Andreas
1384 1283 1490 1309 domini
1506 1282 1695 1309 Bonicomitis
1711 1283 1854 1317 quondam
1870 1283 1905 1309 de
1922 1283 2048 1310 Min-anda
2065 1283 2205 1310 Narnien-

1239 1332 1280 1358 sis
1296 1332 1420 1358 diocesis
1432 1353 1438 1364 ,
1456 1340 1505 1366 pro
1523 1339 1554 1357 se
1569 1339 1602 1357 ac
1619 1331 1732 1357 nomine
1747 1339 1801 1358 suo
1822 1340 1854 1358 ac
1876 1333 2072 1366 procuratorio
2090 1333 2205 1360 nomine

1239 1380 1352 1406 Martini
1369 1380 1465 1406 fratris
1485 1380 1530 1405 sui
1552 1383 1580 1405 et
1600 1381 1705 1406 tutorio
1723 1380 1835 1406 nomine
1857 1380 2031 1407 Johanuucii
2052 1386 2079 1407 et
2100 1380 2204 1408 Petru-

1238 1430 1300 1462 zoli,
1324 1429 1537 1461 Diamantucie‚
1556 1428 1684 1454 Clarucie
1706 1437 1738 1455 ac
1757 1429 1955 1455 Theodorocte
1971 1430 2092 1456 filiorum
2110 1438 2204 1464 quon-

1239 1478 1301 1504 dam
1319 1477 1446 1504 Osredini
1463 1477 1605 1511 quondam
1628 1477 1677 1503 filii
1698 1477 1765 1504 dicti
1789 1477 1896 1504 domini
1913 1477 2116 1510 Botiicomitis,
2135 1487 2204 1506 nec·-

1241 1536 1294 1553 non
1329 1531 1357 1552 et
1390 1526 1556 1552 Manli-edus
1583 1525 1693 1552 Brance
1722 1534 1775 1553 suo
1803 1530 1830 1553 et
1858 1528 2054 1562 procuratorio
2090 1528 2204 1554 nomine

1240 1576 1375 1610 Symonis
1390 1575 1497 1601 domini
1512 1574 1704 1601 Bai-tholomei
1721 1579 1749 1601 et
1764 1574 1882 1602 Heni-ici
1894 1575 2005 1602 Brance
2016 1576 2050 1602 de
2065 1576 2203 1608 Miranda,

1241 1629 1270 1650 ut
1286 1625 1338 1650 bec
1354 1629 1491 1659 apparent
1508 1632 1556 1658 per
1581 1624 1692 1659 publica
1716 1625 1908 1650 instrumenta
1927 1634 1942 1651 a
1962 1633 2007 1651 me
2029 1625 2138 1651 notario
2159 1626 2205 1652 in-

1240 1674 1390 1708 frascripto
1406 1674 1466 1699 visa
1482 1674 1633 1707 diligenter
1645 1677 1672 1699 et
1683 1674 1764 1705 lecta,
1778 1673 1928 1700 constituti
1941 1683 2035 1700 coram
2050 1675 2205 1701 venerabili

1240 1723 1299 1748 viro
1317 1722 1454 1756 magistro
1470 1721 1587 1748 Nicolao
1599 1722 1633 1747 de
1649 1721 1750 1748 Trebis
1764 1722 1871 1749 domini
1887 1731 1957 1757 pape
1971 1723 2138 1757 camerario,
2153 1732 2206 1750 sua

1239 1775 1397 1805 spontanea
1420 1771 1533 1805 propria
1553 1775 1580 1797 et
1595 1771 1682 1797 libera
1706 1771 1869 1805 voluntate,
1895 1780 1949 1797 non
1974 1772 2063 1798 coacti
2082 1773 2125 1798 vel
2141 1772 2205 1798 dolo

1239 1819 1359 1849 inducti,
1376 1820 1496 1853 quilibet
1512 1828 1609 1846 eorum
1628 1819 1654 1845 in
1676 1819 1798 1845 solidum
1815 1825 2057 1853 recognoscentes
2075 1821 2162 1847 libere
2178 1824 2206 1847 et

1240 1877 1376 1903 expresse
1393 1869 1466 1902 quod
1488 1869 1687 1903 progenitores
1708 1877 1806 1894 eorum
1830 1869 1972 1903 quondam
1997 1869 2102 1896 domini
2119 1871 2206 1896 castri

1240 1918 1368 1944 Mirande
1384 1919 1460 1944 dicte
1479 1918 1605 1944 diocesis
1623 1918 1716 1952 ipsum
1735 1923 1861 1944 castrum
1886 1927 1950 1944 cum
1965 1919 2080 1952 juribus
2097 1923 2124 1944 et
2141 1927 2204 1952 per-

1240 1967 1368 1993 tinentiis
1388 1968 1450 1992 suis
1473 1967 1611 1992 haetenus
1633 1966 1821 1992 vendiderunt
1843 1975 1892 2001 pro
1915 1968 2005 2000 pretio
2028 1975 2078 1992 sex
2096 1968 2204 1993 milium

1238 2017 1373 2042 librarum
1402 2015 1562 2041 lucensium
1587 2018 1716 2049 tempore
1744 2015 1835 2041 felicis
1864 2015 2070 2041 recordationis
2097 2015 2205 2041 domini

1239 2065 1372 2099 Gregorii
1391 2073 1460 2099 pape
1485 2063 1580 2095 x'lill,
1599 2064 1748 2098 ipsamque
1773 2063 1965 2089 venditionem
1987 2064 2162 2090 ratificantes
2177 2067 2206 2089 et

1239 2114 1430 2149 approbantes
1446 2121 1600 2147 expresse,
1620 2113 1824 2138 nichilominus
1842 2121 1891 2146 pro
1915 2121 1945 2137 se
1965 2113 2036 2147 ipsis
2052 2120 2084 2138 ac
2101 2111 2205 2138 tutorio

1238 2166 1263 2187 et
1283 2161 1479 2197 procuratorio
1506 2160 1619 2187 nomine
1643 2160 1835 2195 predictorum
1859 2169 1891 2186 ac
1913 2161 2066 2186 heredibus
2089 2165 2116 2186 et
2137 2168 2205 2187 suc-

1238 2211 1405 2237 cessoribus
1421 2209 1589 2236 eorumdem
1606 2209 1633 2235 in
1651 2213 1820 2243 perpetuum
1839 2209 2039 2243 vendiderunt,
2055 2217 2206 2235 concesse-

1238 2265 1314 2290 runt,
1333 2259 1511 2285 tradiderunt
1531 2262 1616 2292 atquc
1637 2262 1788 2284 cesserunt
1810 2258 1917 2292 prefato
1935 2257 2071 2292 magistro
2088 2258 2205 2284 Nicolao

1238 2309 1393 2335 camerario
1412 2309 1527 2334 nomine
1542 2316 1575 2334 ac
1593 2307 1653 2334 vice
1670 2307 1776 2333 domini
1798 2315 1868 2341 pape
1889 2311 1916 2333 ct
1938 2307 2066 2333 Romane
2082 2307 2205 2333 ecclesie

1239 2358 1397 2392 recipienti,
1415 2356 1520 2383 ementi
1536 2361 1563 2382 et
1580 2356 1737 2391 stipulanti,
1756 2357 1899 2390 omnejus
1910 2359 1938 2382 et
1948 2355 2089 2382 actionem
2107 2356 2204 2382 utilem

1238 2411 1265 2433 et
1289 2407 1438 2438 directam,
1462 2406 1565 2432 realem
1589 2409 1616 2432 et
1639 2405 1834 2440 personalem,
1859 2405 1934 2439 quod
1955 2409 1982 2431 et
1999 2413 2082 2439 quam
2101 2405 2205 2431 babent

1238 2457 1280 2482 vel
1296 2456 1414 2482 forsitan
1432 2456 1536 2482 habere
1552 2455 1690 2481 deberent
1705 2458 1733 2481 et
1749 2457 1869 2489 possent
1888 2455 1930 2480 vel
1947 2454 1989 2480 eis
2005 2455 2141 2489 competit
2156 2457 2205 2481 aut

1237 2509 1401 2539 competere
1417 2505 1577 2531 dinoscitur
1593 2503 1794 2538 quoquomodo
1807 2504 1874 2537 jure
1891 2503 1934 2529 vel
1951 2511 2039 2529 causa
2059 2503 2087 2529 in
2103 2503 2204 2529 eodem

1236 2558 1330 2580 castro
1348 2553 1476 2579 Mirande
1492 2554 1553 2580 sive
1569 2553 1652 2579 tertia
1669 2555 1747 2588 parte
1764 2553 1868 2588 ipsius,
1886 2560 1951 2579 cum
1969 2552 2046 2579 omni
2060 2553 2137 2587 jure,
2155 2560 2204 2579 ac-

1237 2604 1313 2629 tione
1330 2607 1357 2629 et
1374 2603 1557 2637 proprietate,
1570 2601 1738 2628 accessibus
1750 2604 1778 2628 et
1788 2601 1958 2636 egressibus
1974 2609 2006 2627 ac
2023 2601 2204 2636 pertinentiis

1236 2653 1309 2685 suis,
1331 2652 1373 2678 eis
1389 2655 1417 2677 et
1433 2651 1550 2678 cuilibet
1572 2651 1702 2686 ipsorum
1724 2658 1757 2676 ex
1781 2650 1917 2685 predictis
1939 2649 1983 2675 vel
2003 2657 2102 2676 eorum
2119 2657 2205 2675 occa-

1238 2835 1261 2860 1.
1280 2834 1366 2865 Rieti,
1383 2835 1406 2866 li,
1421 2834 1436 2860 6
1450 2837 1478 2859 et
1493 2832 1627 2867 13juillet
1644 2831 1722 2859 1289.
1737 2846 1770 2852 -
1788 2830 1842 2857 Les
1859 2830 2011 2865 seigneurs
2027 2829 2061 2856 de
2078 2829 2206 2856 Min-anda

1202 2886 1372 2917 renoncent,
1391 2885 1564 2916 moyennant
1584 2889 1621 2907 un
1640 2884 1804 2907 versement
1819 2880 1853 2905 de
1870 2879 1920 2906 666
1934 2878 1969 2913 ²l³
1985 2878 2085 2905 ssorins
2101 2877 2171 2910 d‘or,
2189 2879 2204 2903 a

1202 2936 1267 2958 tous
1283 2931 1373 2957 droits
1390 2939 1440 2956 sur
1462 2939 1494 2956 ce
1516 2931 1652 2962 chateau,
1675 2929 1738 2963 deja
1754 2928 1847 2954 vendu
1864 2936 1898 2954 au
1919 2936 1990 2963 pape
2006 2926 2144 2961 Gregoire
2159 2925 2203 2952 IX

1202 2979 1373 3013 (ci-dessus,
1392 2986 1421 3005 no
1438 2977 1607 3010 CCLXXI).
