2392 3571
658 351 709 380 LE
731 350 877 380 LIBER
898 349 1131 380 CENSUUM
1155 349 1210 379 DE
1232 338 1419 379 L¹153GLISE
1440 348 1650 380 ROMAINE,
2139 348 2198 378 569

146 417 256 444 tatibus
267 417 425 448 civitatum,
439 420 610 446 castrorum.
620 416 747 443 locorum
760 420 788 442 et
799 421 937 442 terrarum
950 414 1116 450 hujusmodi

146 466 203 492 sub
224 465 321 492 debito
337 465 482 492 fidelitatis
502 473 559 500 quo
580 465 664 492 nobis
684 468 712 491 et
729 465 851 491 ecclesie
871 464 998 499 predIete
1016 468 1115 490 tenen-

148 517 196 540 tur
212 518 241 540 et
258 514 384 548 singulis
399 513 654 540 communitatibus
670 513 833 545 civitatum,
849 517 1023 543 castrorum,
1040 511 1116 538 loco-

147 571 211 589 rum
228 568 256 590 et
271 567 412 589 terrarum
429 563 556 596 ipsarum
572 563 627 588 sub
647 571 719 596 pena
731 562 807 588 mille
819 569 978 588 marcarum
993 560 1115 595 argenti,

150 615 181 638 ut
197 620 288 646 usquc
304 611 337 637 ad
357 611 529 645 premissum
546 611 700 637 terminum
721 610 816 636 omnia
830 614 936 636 statuta
952 608 1117 643 hujusmodi

148 659 184 686 de
200 659 262 686 suis
279 659 487 694 capitularibus
505 667 556 684 seu
577 658 814 692 quaternionibus
837 658 967 683 aboleant
985 662 1013 683 et
1033 657 1118 683 abra-

149 708 234 742 dant,
258 708 344 734 nullis
367 715 503 742 umquam
524 707 629 733 tuturis
650 707 828 741 temporibus
849 706 1031 733 resumenda.
1057 705 1119 731 Nos

148 761 243 783 autem
262 764 376 782 exnunc
392 757 568 790 capitaneos.
582 756 702 789 priores.
717 759 900 781 set-aratores
916 759 944 780 et
962 758 1119 788 potestates

149 808 178 832 et
192 805 374 831 consiliarios
389 805 480 838 ipsos,
493 803 516 829 si
529 803 602 829 infra
614 803 772 837 predictum
785 803 938 829 terminum
952 807 1118 837 preceptum

149 857 280 880 nostrum
311 861 367 878 non
398 852 633 886 adimpleverint.
666 852 974 878 excommunicationis
1006 851 1119 877 vinculo

149 901 323 928 innodamus
334 923 340 933 ,
367 901 557 927 decernentes
582 901 774 926 comunitates
798 900 876 934 ipsas
898 908 998 934 penam
1023 900 1119 927 incur-

150 950 225 977 risse
238 950 393 984 predictam
406 958 439 976 ac
451 949 569 984 insuper
582 949 698 975 eosdem
711 949 886 982 capitaneos,
900 948 1020 982 priores,
1037 956 1120 982 sgra-

149 1003 266 1025 vatores
286 1003 314 1024 et
338 1003 494 1034 potestates
510 997 573 1024 suis
588 997 688 1023 officiis
705 997 830 1031 predicta
845 997 1002 1030 apostoliea
1021 1001 1121 1023 aueto-

151 1048 234 1074 ritate
251 1048 398 1082 privamus
421 1047 559 1082 ipsosque
579 1046 720 1072 inhabiles
741 1045 888 1071 reddimus
903 1045 936 1071 ad
955 1045 1122 1079 hujusmodi

150 1097 240 1123 officia
258 1097 284 1123 in
303 1097 390 1122 terris
405 1095 534 1122 Eeclesie
551 1096 577 1121 in
591 1100 738 1129 posterum
754 1094 925 1120 exercenda,
943 1093 1122 1129 precipimus

151 1145 272 1180 insuper
291 1149 320 1171 ut
337 1145 431 1179 aliqua
449 1144 643 1170 communitas
660 1143 852 1177 predictorum
871 1143 1046 1176 patrimonii,
1068 1143 1122 1169 du-

152 1198 236 1220 catus
273 1197 302 1219 ct
332 1197 470 1219 terrarum
501 1192 566 1218 talia
590 1196 698 1219 statuta
721 1192 756 1218 de
781 1195 876 1217 cetero
909 1192 1032 1218 condere
1066 1200 1121 1218 non

152 1245 311 1276 attemptet,
328 1246 356 1267 et
368 1241 393 1267 si
409 1249 496 1267 secus
511 1241 730 1274 attemptaverit,
747 1240 912 1266 conditores
923 1248 955 1266 ac
966 1241 1123 1273 scriptores

152 1294 326 1316 statutorum
340 1289 517 1323 hujusmodi,
531 1297 640 1315 necnon
654 1293 822 1323 potestates,
836 1289 987 1323 capitanei,
1002 1290 1122 1323 priores,

152 1338 496 1373 sgravat01·es‚judices,
514 1338 644 1364 advocati
668 1341 696 1364 et
717 1338 886 1363 tabelliones
907 1339 1054 1372 ceterique
1072 1338 1124 1364 ob-

151 1392 304 1413 servantes
319 1387 364 1413 illa
380 1395 414 1413 eo
431 1387 492 1421 ipso
508 1386 749 1413 excommunicati
765 1387 891 1413 existant
907 1391 934 1412 et
951 1390 1122 1421 potestates,

152 1435 307 1470 capitanei,
320 1436 439 1470 priores,
454 1440 647 1466 sat-aratores,
657 1435 782 1469 judices,
795 1435 1119 1470 advocati,script0r[es]

154 1488 183 1510 et
196 1484 364 1510 tabelliones
374 1484 437 1510 suis
451 1484 551 1510 officiis
564 1484 680 1511 omnino
693 1484 805 1518 privati.
817 1488 845 1510 et
855 1485 1046 1511 communitas
1060 1484 1124 1519 ipsa

152 1538 249 1560 careat
264 1537 404 1568 potestate
418 1533 560 1559 condendi
571 1537 679 1559 statuta
694 1537 721 1559 et
734 1533 811 1559 omui
829 1533 967 1559 beneficio
985 1534 1124 1561 libertatis

152 1585 182 1608 et.
197 1583 412 1616 privilegiorum
428 1582 622 1616 quorumlibet
639 1582 695 1608 sibi
716 1591 731 1608 a
747 1582 814 1608 sede
830 1583 987 1617 apostoliea
1003 1591 1126 1609 conces-

153 1639 261 1658 sorum.
292 1632 315 1657 A
342 1635 420 1665 parte
448 1639 562 1664 quoque
587 1631 808 1665 pronuntiamus
837 1636 922 1665 atque
950 1631 1123 1666 predicimus

154 1680 229 1714 quod
254 1688 319 1706 cum
343 1679 509 1713 hujusmodi
527 1680 674 1713 negotium
697 1678 773 1713 quod
794 1684 838 1706 est
859 1681 985 1714 predicte
1001 1680 1124 1706 ecclesie

153 1729 300 1763 proprium
318 1728 481 1762 specialiter
506 1728 629 1754 insideat
644 1728 723 1754 cordi
745 1733 854 1761 nostro,
871 1729 913 1755 sic
934 1729 1004 1755 alias
1025 1733 1124 1755 contra

153 1777 378 1803 communitates
397 1777 588 1811 predictorum
612 1777 784 1811 patrimonii,
802 1777 924 1803 ducatus
939 1782 967 1803 et
983 1782 1123 1804 terrarum

154 1829 183 1852 et
198 1825 340 1851 adversus
357 1833 495 1860 personas
509 1825 653 1860 quaslibet
668 1830 766 1852 contra
781 1826 978 1852 inhibitionem
998 1830 1123 1853 nostram

153 1877 262 1901 temere
279 1874 429 1900 venientes
445 1879 472 1900 et
489 1878 619 1900 nostrum
641 1883 697 1901 non
721 1875 911 1908 adimplentes
929 1875 954 1900 in
977 1876 1028 1901 hac
1045 1879 1124 1910 parte

154 1928 323 1958 preceptum
340 1924 411 1949 dure
426 1931 459 1949 ac
477 1931 581 1957 aspere
597 1923 784 1957 spiritualiter
799 1931 832 1949 ac
848 1923 1041 1957 temporaliter
1055 1932 1123 1958 pro-

152 1972 302 2005 cedemus,
317 1976 345 1998 et
360 1972 500 1998 faciemus
514 1971 637 1998 Domino
655 1977 771 1998 anctore
789 1972 903 2006 procedi
918 1973 993 2006 quod
1009 1978 1036 1998 et
1053 1981 1125 2007 pene

153 2024 290 2055 poterunt
301 2021 437 2054 qualitate
449 2025 477 2046 et
488 2021 647 2054 quantitate
659 2029 836 2054 cognoscere
847 2029 930 2054 quam
943 2021 1124 2047 temerarium

154 2069 282 2096 extiterit
297 2074 324 2095 et
335 2069 493 2104 superbum
506 2069 705 2095 inhibitionem
718 2074 745 2094 et
758 2073 922 2103 preceptum
935 2070 1125 2103 apostolicum

155 2126 211 2144 non
225 2126 368 2144 servasse.
384 2118 491 2143 Actum
503 2117 578 2151 apud
591 2117 699 2143 Urbem
711 2117 843 2143 Veterem
856 2122 921 2143 ante
933 2117 1123 2144 cathedralem

153 2166 306 2192 ecclesiam
321 2173 394 2192 xtttt⁰
405 2165 580 2199 decembris,
593 2165 779 2200 pontificatus
793 2166 883 2192 nostri
899 2175 973 2192 anno
985 2167 1123 2193 secundo.

123 2306 254 2341 [cccxl.
277 2321 308 2326 —-
327 2306 478 2333 TunenTixi
499 2315 624 2333 aeneum·
644 2315 678 2333 An
698 2315 827 2333 ΜΑΝΟΛΤΑ
840 2312 858 2332 ¹.

190 2403 325 2430 Clemens
340 2405 496 2438 episcopus
514 2412 619 2430 servus
642 2412 791 2430 servorum
814 2403 867 2430 Dei
889 2404 922 2430 ad
943 2404 1067 2430 futuram
1086 2404 1125 2431 rei

155 2453 334 2478 memoriam.
359 2452 443 2478 Cives
462 2451 631 2483 Tudertini‚
655 2452 720 2478 licet
743 2452 809 2478 olim
830 2452 1025 2487 pretenderint
1046 2461 1078 2479 se
1093 2461 1126 2479 ac

155 2501 300 2527 civitatem
317 2508 415 2526 eorum
437 2501 558 2526 rectorie
574 2501 738 2534 patrimonii
759 2501 784 2526 b.
809 2499 884 2526 Petri
902 2501 930 2527 in
949 2500 1054 2527 Tuscia
1070 2509 1125 2527 non

155 2550 280 2576 subesse
303 2554 331 2576 et
352 2550 386 2575 ad
406 2550 563 2584 parendum
587 2549 730 2576 mandatis
817 2549 978 2575 rectoribus
995 2549 1124 2584 ejusdem

157 2599 322 2634 patrimonii
338 2600 387 2633 qui
401 2603 448 2625 est
462 2607 513 2633 pro
530 2602 660 2632 tempore
682 2606 738 2624 non
755 2598 861 2627 teneri,
877 2607 954 2625 nunc
970 2603 1065 2625 tamen
1081 2599 1126 2625 usi

155 2647 276 2674 consilio
292 2648 398 2673 saniori
417 2651 662 2681 recognoscentes
682 2646 758 2681 quod
774 2647 802 2673 in
821 2647 874 2673 hoc
889 2647 1048 2681 apostolice
1063 2647 1126 2673 sedi

1234 415 1336 440 merito
1352 414 1541 448 displicebant
1558 423 1611 441 nec
1631 415 1747 449 indigne
1763 420 1862 442 contra
1878 423 1909 441 se
1925 423 2006 442 suam
2023 415 2196 441 benevolen-

1234 463 1301 489 tiam
1318 462 1521 492 immutabunt,
1549 463 1721 489 unanimiter
1740 468 1767 490 et
1791 463 1972 490 concorditer
1987 468 2055 489 sunt
2071 463 2197 490 confessi

1233 510 1309 545 quod
1326 510 1379 536 sub
1393 510 1518 544 predicte
1534 512 1656 537 rectorie
1668 512 1869 546 jurisdictione
1885 512 2049 538 consistunt
2063 512 2198 546 quodque

1235 559 1337 585 rectori
1358 558 1427 584 dieti
1452 559 1612 592 patrimonii
1633 561 1681 593 qui
1705 560 1791 586 suerit
1812 568 1862 594 pro
1882 564 2009 594 tempore
2030 568 2079 594 per
2099 560 2197 586 sedem

1235 607 1421 641 apostolicam
1441 607 1617 632 constitutus
1640 608 1740 633 devote
1763 609 1789 634 in
1811 609 1945 634 omnibus
1960 608 2092 634 obedient
2109 613 2135 634 et
2153 608 2196 634 in-

1236 655 1366 685 tendent,
1384 659 1411 680 et
1427 655 1480 680 boe
1496 663 1611 680 servare
1629 661 1765 690 perpetuo
1782 665 1830 690 per
1852 657 1992 690 speciales
2007 656 2134 682 sindicos
2147 658 2196 690 ju·

1236 708 1364 729 ramento
1386 703 1505 737 prestito
1523 704 1725 737 promiserunt.
1748 704 1808 730 Nos
1829 705 1915 738 igitur
1936 705 2063 730 volentes
2079 705 2197 738 quodid

1237 752 1299 777 sine
1316 751 1506 784 refragatione
1522 751 1647 785 qualibet
1663 753 1808 786 perpetuis
1824 753 2001 787 temporibus
2018 754 2197 784 observetur,

1238 800 1414 834 presentium
1430 800 1600 826 auctoritate
1616 800 1797 826 decernimus
1812 802 1886 834 quod
1899 801 1996 826 eadem
2008 801 2108 827 civitas
2125 803 2196 827 intra

1238 849 1376 874 terminos
1399 848 1518 874 rectorie
1543 849 1649 882 prefate
1669 850 1807 874 consistat
1829 853 1857 875 et
1878 855 1970 875 rector
1990 850 2087 883 prefati
2110 851 2197 884 patri-

1239 897 1325 922 monii
1344 897 1434 931 possit
1456 896 1546 922 inbibi
1570 897 1645 922 sieut
1666 897 1693 922 in
1715 897 1778 922 aliis
1796 898 1865 923 locis
1886 898 2013 930 ejusdem
2037 898 2199 932 patrimonii

1235 944 1468 978 jurisdictionem
1484 944 1599 970 liberam
1617 953 1761 972 exercere.
1781 945 1954 971 Potestatem
1971 951 2082 977 autem,
2102 947 2198 972 consi-

1239 993 1351 1024 liarios,
1372 993 1501 1027 judices,
1519 993 1683 1024 advocatos,
1706 994 1830 1020 notarios
1855 998 1883 1019 et
1902 995 2045 1027 quoslibet
2066 995 2200 1021 officiales

1240 1042 1315 1068 dicte
1331 1041 1466 1071 civitatis.
1488 1050 1561 1075 quos
1584 1046 1681 1067 contra
1699 1043 1838 1076 premissa
1855 1043 1896 1067 vel
1915 1042 2027 1076 aliquod
2045 1043 2199 1076 premisso—

1241 1099 1302 1116 rum
1320 1091 1415 1115 venire
1431 1090 1593 1123 contigetit,
1614 1098 1727 1115 exnunc
1750 1100 1764 1115 a
1782 1091 1842 1116 suis
1859 1090 1958 1116 officiis
1977 1091 2198 1124 suspendentes,

1240 1144 1267 1165 et
1282 1139 1470 1164 decernentes
1486 1138 1620 1172 quicquid
1638 1139 1746 1164 ratione
1767 1138 1893 1172 ipsorum
1911 1139 2064 1164 officiorum
2082 1140 2200 1165 fecerint

1242 1186 1347 1213 nullius
1369 1195 1488 1221 prorsus
1504 1187 1628 1212 existere
1648 1187 1806 1219 firmitatis,
1824 1188 1902 1221 ipsos
1919 1188 1942 1212 si
1959 1187 2030 1213 forte
2048 1196 2096 1221 per
2113 1197 2200 1214 unum

1241 1244 1369 1262 mensem
1385 1237 1411 1262 in
1429 1244 1481 1262 sua
1497 1236 1678 1261 contumacia
1696 1237 1871 1270 perstiterint
1887 1241 1914 1262 et
1929 1236 2005 1261 dieto
2023 1238 2124 1262 rectori
2136 1245 2202 1262 eon-

1241 1286 1409 1319 tempserint
1425 1284 1540 1310 obedire
1557 1285 1690 1310 volumus
1704 1292 1737 1310 eo
1752 1284 1814 1318 ipso
1830 1284 1889 1310 sore
1906 1284 2018 1309 vinculo
2035 1293 2202 1310 excommu-

1242 1333 1393 1360 nicationis
1408 1334 1557 1363 astrictos,
1577 1333 1646 1359 alias
1663 1333 1848 1367 spiritualiter
1868 1338 1895 1358 et
1916 1334 2107 1366 temporaliter
2120 1334 2203 1366 juxta

1241 1382 1320 1409 sedis
1336 1383 1493 1416 apostolice
1510 1381 1715 1416 providentiam
1733 1386 1760 1407 et
1775 1381 1924 1407 arbitrium
1945 1389 2062 1415 gravius
2084 1382 2202 1414 punien-

1241 1431 1303 1458 dos.
1321 1430 1398 1457 Nulli
1414 1439 1482 1464 ergo
1499 1430 1614 1456 omnino
1632 1430 1778 1456 hominum
1794 1430 1877 1456 liceat
1897 1430 1969 1455 hanc
1986 1431 2116 1463 paginam
2135 1437 2217 1455 nos·⁴

1241 1484 1284 1506 tre
1304 1479 1531 1510 constitutionis,
1555 1479 1758 1513 suspensionis
1784 1484 1812 1504 et
1832 1478 2138 1504 excommunicationis
2161 1478 2204 1504 in-

1240 1528 1365 1562 fringere
1383 1528 1424 1553 rel
1440 1528 1466 1553 ei
1486 1536 1558 1553 ausu
1576 1527 1728 1553 temerario
1744 1527 1896 1553 contraire.
1913 1525 1942 1552 si
1959 1527 2024 1560 quis
2040 1532 2132 1552 autem
2150 1526 2205 1552 hoc

1241 1580 1408 1610 attemptare
1424 1577 1641 1610 presumpserit,
1660 1575 1883 1609 indignationem
1896 1575 2100 1608 omnipotentis
2114 1574 2164 1600 Dei
2176 1580 2204 1600 et

1242 1626 1388 1652 beatorum
1407 1624 1482 1651 Petri
1499 1629 1527 1650 et
1545 1624 1623 1650 Pauli
1639 1625 1833 1658 apostolorum
1849 1625 1913 1657 ejus
1929 1631 1960 1649 se
1982 1624 2091 1648 noverit
2107 1623 2204 1649 incur-

1242 1670 1353 1701 surum.

1277 1722 1380 1749 Datum
1400 1721 1532 1754 Viterbii,
1547 1730 1575 1747 ιιι
1593 1729 1660 1748 non.
1673 1721 1808 1754 januarii,
1824 1720 2007 1754 pontificatus
2024 1720 2113 1746 nostri
2129 1728 2203 1746 anno

1241 1772 1380 1799 secundo.

1211 1913 1354 1947 [CCCXU.
1381 1927 1414 1933 -
1438 1911 1572 1938 x'sxmruo
1594 1920 1695 1938 uomss
1721 1910 1833 1937 Ρειιιικ
1858 1919 1940 1936 merx
1967 1920 1999 1937 uf.
2028 1910 2148 1936 l'Arrmo
2174 1919 2205 1936 ιτ

1241 1962 1399 1989 sannone&

1277 2059 1311 2085 ln
1327 2059 1440 2084 nomine
1457 2058 1562 2084 domini
1583 2058 1672 2083 nostri
1687 2056 1758 2082 Jesu
1775 2056 1898 2087 Christi,
1916 2065 2009 2082 amen.
2026 2056 2111 2082 Anno
2127 2058 2207 2090 ejus-

1243 2107 1307 2133 dem
1328 2106 1535 2133 incarnationis
1559 2106 1710 2132 millesimo
1733 2105 1930 2131 ducentesimo
1953 2105 2097 2130 tricesuno
2113 2110 2205 2135 sexto,

1243 2156 1427 2191 pontificatus
1443 2155 1550 2181 domini
1572 2154 1705 2188 Gregorii
1723 2162 1794 2188 pape
1819 2155 1884 2179 noni
1905 2162 1979 2179 anno
2002 2161 2090 2185 nono,
2116 2153 2207 2179 indic-

1243 2206 1320 2232 tione
1339 2213 1426 2235 nona,
1445 2205 1553 2230 mensis
1576 2204 1711 2229 februarii
1733 2204 1778 2229 die
1798 2203 1930 2235 septimo.
1952 2202 2011 2228 Hac
2033 2202 2147 2236 quidem
2163 2202 2208 2227 die

1244 2254 1358 2280 domina
1375 2254 1483 2284 Petilia,
1503 2262 1573 2278 uxor
1588 2253 1695 2278 domini
1712 2252 1867 2278 Alexandri
1884 2252 1917 2277 de
1933 2251 2072 2283 Fumone,
2091 2259 2209 2285 presen-

1243 2303 1320 2330 tibus
1336 2306 1364 2328 et
1380 2302 1630 2329 consentientibus
1653 2301 1728 2327 dicto
1749 2301 1864 2326 domino
1887 2300 2051 2326 Alexandro
2069 2300 2127 2325 viro
2143 2308 2206 2330 suo,

1243 2352 1366 2377 dominis
1375 2350 1507 2376 Johanne
1518 2355 1545 2376 et
1555 2350 1654 2376 Odone
1667 2349 1734 2376 filiis
1746 2349 1922 2380 eorumdem,
1933 2352 1960 2374 et
1973 2348 2208 2374 renunciantibus

1239 2400 1300 2434 juri
1326 2400 1350 2426 si
1377 2399 1453 2433 quod
1477 2399 1629 2429 haberent,
1659 2399 1712 2424 hac
1736 2398 1780 2423 die
1808 2403 1942 2431 presente
1967 2398 2079 2431 propria
2103 2402 2130 2422 et
2155 2405 2208 2422 sua

1244 2451 1402 2481 spontanea
1418 2447 1563 2472 voluntate
1585 2435 1711 2471 vendidit
1734 2450 1762 2471 et
1783 2445 2007 2471 irrevocabiliter
2027 2445 2141 2471 tradidit
2156 2444 2208 2470 do-

1244 2497 1321 2523 mino
1338 2496 1416 2522 fratri
1431 2495 1540 2521 Tbome
1561 2494 1668 2520 domini
1685 2502 1756 2528 pape
1771 2493 1928 2519 camerario
1943 2493 2136 2528 procuratorio
2155 2501 2207 2519 no-

1248 2652 1269 2677 1.
1287 2650 1413 2684 Anagni,
1430 2650 1444 2675 'i
1460 2649 1565 2676 fevi-ier
1584 2648 1658 2675 1236.
1672 2661 1707 2668 —
1721 2647 1830 2677 Petilia,
1846 2647 1950 2673 femme
1965 2646 2158 2673 d'Alexandre
2174 2647 2208 2673 de

1208 2699 1354 2730 Fumone,
1372 2698 1446 2724 vend
1460 2706 1496 2724 au
1514 2705 1585 2732 pape
1601 2696 1740 2731 Gregoire
1759 2695 1822 2726 tx,
1843 2697 2009 2730 represente'
2028 2704 2077 2730 par
2092 2704 2144 2721 son
2159 2703 2207 2722 ca-

1208 2749 1312 2775 merier
1326 2747 1451 2773 Thomas
1461 2767 1467 2777 ,
1488 2750 1554 2772 tous
1569 2746 1611 2771 les
1627 2745 1717 2771 droits
1732 2744 1834 2778 qu'elle
1852 2748 1920 2778 peut
1934 2743 2013 2769 avoir
2028 2752 2078 2770 sur
2094 2743 2208 2770 Paliano

1208 2801 1236 2823 et
1251 2796 1385 2825 Seri-one,
1402 2799 1575 2829 moyennant
1592 2802 1648 2820 une
1663 2801 1774 2819 somme
1786 2792 1820 2818 de
1839 2791 1886 2818 133
1900 2792 1998 2822 lix-res,
2012 2793 2026 2819 6
2039 2800 2120 2824 sous,
2132 2793 2147 2818 S
2158 2793 2210 2818 de-

1208 2846 1296 2872 niers.
1315 2860 1348 2864 —
1369 2843 1448 2870 Cette
1468 2844 1548 2878 piece
1571 2846 1599 2868 et
1620 2843 1661 2868 les
1682 2842 1753 2868 trois
1770 2842 1919 2867 suivantes
1937 2846 2004 2866 sont
2020 2841 2055 2866 de
2074 2842 2098 2866 la
2117 2842 2209 2868 meme

1207 2895 1330 2921 ecriture
1346 2896 1374 2918 et
1390 2896 1503 2927 portent
1518 2891 1543 2917 le
1559 2891 1650 2916 meme
1666 2897 1896 2924 monogramme,
1913 2889 1987 2915 celui
2002 2889 2039 2915 du
2057 2889 2209 2916 scriniaire

1208 2941 1334 2972 Landus,
1351 2941 1418 2967 saus
1430 2941 1455 2966 le
1472 2945 1502 2966 n<²
1517 2937 1660 2965 CCCXIV
1675 2937 1736 2973 qui,
1753 2938 1860 2964 n'etant
1876 2945 1928 2972 pas
1944 2938 2074 2971 termine,
2092 2946 2126 2963 ne
2143 2942 2210 2972 peut

156 2802 182 2829 1.
200 2801 332 2835 Viterbe‚
350 2801 365 2829 3
378 2802 492 2836 janvier
511 2801 587 2828 1267.
604 2816 638 2820 —-
653 2800 692 2827 Le
707 2809 779 2836 pape
794 2800 924 2827 Clement
938 2800 979 2827 IV
995 2805 1126 2828 constate

119 2858 178 2885 que
193 2850 235 2876 les
251 2858 324 2885 gens
338 2849 372 2876 de
386 2849 467 2883 Todi,
483 2851 568 2884 apres
583 2849 663 2876 avoir
676 2849 786 2876 decline
801 2849 944 2875 l’autorite
959 2849 997 2876 du
1013 2854 1128 2876 recteur

119 2899 160 2926 du
174 2898 369 2933 Patrimoine,
394 2902 444 2924 ont
464 2906 593 2925 reconnu
614 2906 667 2924 son
685 2899 824 2929 autorite,
846 2906 984 2924 consacre
1004 2903 1050 2925 cet
1069 2901 1127 2925 etat

119 2947 158 2974 de
171 2947 294 2981 choses,
313 2956 348 2973 en
369 2950 519 2981 menaeant
536 2947 589 2973 des
608 2946 748 2981 penalites
763 2947 882 2981 d'usage
897 2955 971 2973 ceux
986 2948 1035 2981 qui
1052 2955 1127 2973 vou-

119 2995 234 3023 ‹lt-aient
247 3005 266 3031 y
282 2996 474 3023 conti-evenir.
1208 2991 1287 3018 avoir
1302 2990 1336 3016 de
1352 2996 1576 3023 monogramme.

263 3059 350 3085 Lmen
367 3057 510 3085 Cnasunu.
532 3071 567 3078 —-
584 3057 608 3085 Ι.
2037 3047 2070 3074 72
