2392 3571
164 308 222 338 592
707 306 757 335 LE
780 306 925 336 LIBER
947 305 1037 336 CEN
1047 304 1180 335 SUUM
1204 303 1259 334 DE
1270 300 1467 334 ‘L'EGLISE
1490 303 1699 335 ROMAINE.

169 372 332 408 [CCCLV111
349 375 366 398 ¹.
385 385 418 391 —
440 371 525 397 Anno
549 370 663 397 Domini
688 370 830 397 MCCLVI
854 379 919 398 non.
943 371 1049 403 martii.
1067 371 1161 406 ponti-

200 422 302 448 ficatus
319 428 385 446 vero
401 419 507 446 domini
522 428 592 454 pape
609 419 763 446 Alexandri
779 418 940 447 111121anno
952 420 1053 455 primo,
1070 419 1162 446 indic-

204 567 225 593 1.
244 565 344 597 Rome,
362 566 375 591 7
392 573 468 592 mars
488 564 562 591 ¹256.
583 579 618 586 —
633 563 830 600 Engagement
848 566 908 601 pris
925 573 996 600 pour
1016 565 1066 592 des
1082 567 1160 600 repa-

166 615 272 641 rations
288 623 322 640 au
340 613 428 648 pelais
444 613 478 639 de
495 613 606 640 Latran.
624 612 661 640 Le
678 617 754 641 texte
771 618 814 641 est
834 614 946 641 illisible
964 623 998 641 en
1015 615 1159 649 plusieurs

165 663 300 689 endroits.

1279 370 1354 396 tione
1369 368 1469 396 XIIII.
1491 370 1669 397 Laui-encius
1685 369 1780 396 dictus
1799 369 1971 400 Gai-dinalis,
1989 370 2061 396 civis
2077 369 2239 401 Romanus,

1278 418 1312 444 ad
1328 422 1427 445 sancta
1443 417 1496 444 Dei
1512 418 1660 452 evangelia
1671 418 1780 452 juravit
1796 421 1870 444 tecta
1888 418 1986 453 palacii
2005 418 2112 444 domini
2128 426 2200 453 pape
2214 422 2242 444 et

1278 467 1426 493 camerarii
1448 467 1493 493 sui
1517 467 1546 494 in
1569 467 1672 501 palatio
1695 466 1881 493 Lateranensi
1902 467 1964 493 sine
1986 467 2074 501 pretio
2095 467 2242 501 cooperire

1278 520 1306 542 et
1326 515 1392 542 dare
1413 523 1528 550 operam
1552 515 1586 541 de
1611 523 1732 550 persona
1752 523 1805 542 sua
1828 515 1943 550 propria
1965 523 2030 542 cum
2051 523 2124 550 opus
2145 514 2242 542 suerit.

1276 563 1389 591 Juravit
1412 564 1497 590 etiam
1521 565 1546 590 si
1571 572 1643 598 opus
1667 564 1753 591 fuerit
1777 568 1886 591 meatus
1912 564 2049 590 mundare
2073 565 2100 590 in
2127 583 2241 591 ..........

1277 613 1377 640 sordes
1394 613 1440 640 fiat
1457 613 1579 645 munda;
1598 617 1626 640 et
1644 614 1698 640 hoc
1713 612 1844 648 promisit
1865 618 1892 640 et
1911 613 2019 648 juravit
2034 613 2099 648 quia
2115 620 2244 640 camera-

1278 663 1337 689 rius
1354 663 1485 697 promisit
1500 666 1616 698 propter
1632 663 1686 689 hoc
1701 663 1851 689 servitium
1870 662 1936 689 dare
1957 671 2041 689 unam
2058 661 2241 687 vidandam...
