2392 3571
0 3555 12 3571 n

697 349 746 378 LE
771 349 916 378 LIBER
938 347 1173 378 CENSUUM
1198 347 1250 376 DE
1276 337 1460 376 L'F'JGLISE
1483 346 1692 375 ROMAINE.
2184 344 2241 374 435

185 419 308 454 fratres,
325 417 385 454 filii
400 417 553 454 quondam
571 416 690 444 domini
707 415 807 444 Ceneii
824 415 857 443 tle
874 415 953 451 Papa
968 423 1024 451 pro
1037 414 1154 451 portio-

186 471 277 498 nibus
290 470 374 498 nobis
389 469 640 506 competentibus‚·
654 468 704 497 sed
718 477 768 505 esso
785 468 889 496 Petrus
898 476 954 504 pro
971 476 1016 494 me
1029 471 1055 495 et
1069 474 1154 502 nepo-

188 523 268 552 tibus
294 523 381 556 meis,
406 523 519 550 scilicet
543 522 757 550 Bonaventura
783 525 807 549 et
831 521 963 549 Romano
983 519 1058 555 filiis
1080 518 1155 547 olim

186 575 399 604 Bonauenture
409 575 518 610 fratris
532 574 589 602 mei
601 582 732 610 quorum
744 577 911 605 tutorsum,
924 581 941 599 a
954 571 1096 599 manibus
1107 570 1155 598 do-

187 628 270 656 ‘tn'ini
284 627 423 656 Sassonis
436 625 757 664 primicheriijudicis
770 625 868 657 datus,
882 625 959 652 sicut
971 632 1025 660 per
1038 623 1156 651 instru-

188 685 325 709 mentum
348 679 518 708 inventarii
539 687 651 707 manus
670 678 799 706 Romani
820 677 853 705 de
873 677 977 705 Rubeis
993 675 1157 703 scriniarii

187 733 335 769 scriptum
349 736 483 769 apparet,
499 736 525 759 et
535 739 585 767 eoo
600 731 704 759 Petrus
717 730 928 758 Bonavcnture
941 737 1026 765 nepos
1037 727 1157 765 predic-

189 789 289 814 torum
306 786 441 820 fratrum
457 792 521 812 una
538 792 604 811 cum
619 783 753 820 predicto
770 782 893 810 domino
910 782 994 809 l'etro
1007 785 1119 817 patruo
1133 784 1158 808 et

189 842 329 866 curatore
346 845 419 870 meo,
437 837 471 864 in
488 836 540 864 hoc
556 835 636 863 mihi
654 844 672 863 a
688 835 830 863 manibus
853 834 1048 862 dominorum
1066 832 1158 869 judi-

189 898 257 918 cum
270 889 422 918 Saissonis
430 889 561 926 predicti
572 893 597 916 et
607 888 758 916 „Iohannis
769 887 908 915 archarii
921 886 988 914 dato
1004 886 1038 914 in
1051 893 1156 913 eorun-

189 942 252 970 dem
268 941 390 979 judicio
410 941 568 978 presertim
596 945 621 968 et
643 949 696 977 per
716 948 821 968 eornm
842 939 1051 967 auctoritatem
1070 943 1159 975 atque

189 995 339 1023 decretum
358 998 509 1030 quantum
523 993 562 1022 acl
578 993 669 1021 dictos
689 993 821 1021 minores
834 993 976 1029 pertinet,
995 992 1024 1019 in
1040 1000 1159 1028 presen-

190 1048 233 1076 tia
251 1048 341 1075 etiam
366 1047 485 1075 domini
503 1046 621 1075 Octonis
643 1046 808 1074 Hostiensis
829 1050 854 1073 ct
877 1045 1063 1073 Vcllctrmsis
1081 1044 1160 1081 epis-

189 1100 265 1137 copi,
285 1104 310 1128 et
331 1099 449 1128 domini
471 1099 571 1128 Ceneii
590 1098 757 1135 presbyteri
774 1097 946 1126 cardinatis
962 1097 1060 1125 sancti
1080 1097 1160 1125 Lau-

188 1153 287 1181 rencii
305 1153 337 1180 in
355 1153 468 1180 Lucina
482 1156 508 1180 et
523 1151 642 1179 domini
660 1151 800 1179 Fidancii
815 1151 973 1187 presbiteri
989 1150 1162 1178 cardinalis

191 1206 276 1234 tituli
291 1205 389 1233 sancti
408 1205 558 1238 Marcelli,
582 1208 607 1231 et
628 1204 746 1232 domini
765 1203 902 1240 Greqorii
919 1203 1041 1231 diaconi
1057 1202 1161 1230 cardi-

190 1258 273 1286 nalis
286 1262 386 1285 sancte
402 1257 496 1285 Μανία
512 1256 545 1284 de
561 1257 692 1288 t’orticu,
709 1260 733 1284 et
749 1257 830 1284 Petri
847 1256 880 1283 de
892 1255 996 1285 Judiee
1013 1255 1161 1283 causidici

189 1314 216 1338 et
234 1310 474 1346 subscriptorum
501 1309 619 1337 testium
633 1319 644 1343 ,·
664 1309 791 1345 propria
818 1313 920 1336 nostra
943 1309 1096 1336 voluntate
1115 1316 1162 1335 re-

190 1363 380 1391 nunciamus
396 1367 420 1390 et
438 1363 623 1399 =qeneralitcr
640 1362 810 1397 refutamus
827 1362 905 1389 cobis
922 1361 1045 1389 domino
1062 1361 1163 1389 Centio

191 1416 242 1444 Dei
262 1415 364 1452 qratia
389 1415 505 1443 ecclesie
525 1419 626 1442 sancte
645 1414 733 1442 Lucie
754 1414 784 1442 in
808 1413 898 1442 Silicc
917 1413 1042 1441 diacono
1059 1413 1162 1441 cardi-

190 1468 259 1496 nali
285 1471 310 1495 et
332 1467 450 1495 domini
465 1476 540 1504 pape
556 1467 736 1501 camerario,
757 1466 901 1494 mandato
918 1474 1034 1502 qnoque
1052 1470 1077 1493 et
1090 1474 1164 1502 pro-

193 1524 333 1549 curatore
347 1520 461 1556 prefati
483 1520 602 1548 domini
616 1528 692 1556 pape
710 1515 848 1548 Celcstini
870 1519 909 1547 ad
925 1519 978 1547 hoc
992 1518 1164 1555 specialiter

193 1573 365 1605 constituto,
393 1572 432 1600 ael
453 1581 526 1609 opus
552 1577 576 1600 et
599 1573 763 1600 utilitatem
790 1572 888 1609 ipsius
907 1571 1025 1599 domini
1048 1579 1123 1608 pape
1140 1576 1164 1599 et

191 1634 395 1654 successorum
420 1626 498 1662 ejus,
525 1634 559 1653 ac
587 1625 678 1653 totius
702 1625 833 1653 Romane
855 1625 971 1653 ecclesie
991 1629 1133 1661 perpetuo
1154 1634 1164 1652 .-

193 1679 227 1707 id
241 1683 280 1707 est
296 1687 413 1706 omnem
432 1679 513 1706 litem
532 1682 556 1706 et
570 1678 748 1715 petitionem
766 1686 857 1714 quam
878 1678 935 1714 ipsi
951 1677 1075 1705 domino
1089 1685 1165 1714 pape

193 1738 221 1762 et
236 1733 352 1761 ecclesie
371 1733 500 1761 Romane
518 1733 659 1768 fecimus,
685 1733 864 1769 petivimus,
889 1737 983 1769 petere
1008 1733 1051 1761 cel
1067 1733 1165 1767 facere

194 1786 351 1823 potuimus
369 1795 377 1812 :
397 1785 533 1813 videlieet
550 1785 583 1813 de
598 1785 745 1813 universa
759 1785 898 1821 portione
912 1784 1064 1821 quondam
1083 1785 1166 1812 Petri

192 1839 333 1876 prefecti,
360 1839 486 1866 illarum
505 1838 616 1866 scilieet
636 1838 718 1865 mille
737 1846 913 1865 'marcarum
935 1838 1072 1874 arpenti,
1090 1846 1166 1874 quas

195 1892 223 1920 ei
249 1891 364 1929 etbsuis
387 1891 573 1919 consortibus
596 1891 667 1918 olim
692 1890 835 1918 dominus
854 1890 1013 1918 Adrianus
1037 1895 1166 1926 quartus

191 1952 275 1982 papa
305 1943 420 1977 debuit,
445 1952 502 1980 pro
529 1943 639 1979 quibus
665 1943 706 1971 eis
728 1943 880 1971 civitatem
912 1943 1112 1971 Castellanam
1141 1947 1166 1970 et

193 1997 376 2025 universum
400 1997 577 2024 comitatum
602 1996 666 2032 ejus
682 2004 716 2023 ae
732 1995 859 2023 Montem
880 1996 981 2023 Altum
1003 1995 1164 2032 obligavit,

196 2053 224 2078 et
240 2049 314 2086 jure
335 2049 478 2086 piynoris
502 2047 645 2081 tradidit,
669 2048 747 2076 sicut
769 2056 824 2084 per
844 2048 1043 2084 privilegium
1070 2048 1168 2085 ipsius

197 2102 318 2130 domini
340 2110 416 2139 pape
436 2101 571 2130 Adriani
593 2105 734 2138 apparet,
762 2105 787 2129 et
809 2101 849 2129 ad
868 2109 990 2137 presens
1011 2101 1092 2129 vobis
1112 2109 1168 2138 pro

198 2154 277 2183 dieto
294 2154 417 2183 domino
437 2162 519 2192 papa
540 2153 707 2188 reddimus,
733 2158 758 2181 et
784 2153 1008 2182 reinvestientes
1026 2162 1169 2190 corpora-

197 2207 257 2236 lem
283 2216 318 2235 etc
343 2207 384 2235 eis
412 2206 609 2235 traditionem
638 2206 855 2241 transferimus
880 2210 905 2234 et
924 2207 991 2242 jam
1021 2206 1167 2234 traditam

199 2259 421 2296 confirmamus
438 2270 446 2287 .·
463 2268 565 2287 omnes
584 2268 629 2287 res
645 2263 670 2287 et
682 2259 895 2296 possessiones,
915 2259 1053 2287 videlicet
1069 2259 1171 2287 domos

199 2316 227 2340 et
251 2312 372 2345 vineas,
392 2316 485 2345 ortos⁷
511 2311 681 2348 canapinas
700 2315 789 2347 atque
813 2311 937 2344 oliveta,
959 2310 1171 2339 molendinum

199 2369 226 2393 et
246 2364 331 2392 viam
348 2364 514 2397 molarum,
532 2372 599 2391 cum
617 2363 775 2391 arboribus
789 2363 961 2400 fructiferis
980 2367 1004 2391 et
1024 2363 1171 2399 infructi-

198 2417 288 2453 feris,
313 2421 339 2444 et
354 2424 421 2444 cum
441 2416 580 2444 omnibus
596 2416 660 2444 suis
672 2416 890 2453 pertinenciis;
909 2424 985 2452 quas
999 2424 1046 2444 res
1064 2420 1088 2444 et
1102 2424 1171 2453 pos-

198 2470 343 2499 sessiones
372 2469 405 2497 in
437 2469 612 2506 corporibus
641 2469 687 2497 vel
712 2469 747 2497 in
774 2469 948 2497 accionibus
972 2469 1116 2497 habemus
1137 2469 1172 2497 in

201 2522 282 2550 dicta
299 2522 422 2550 civitate
439 2521 622 2555 Casteltana‚
642 2522 728 2550 intus
748 2526 774 2550 et
793 2521 827 2550 de
841 2522 929 2557 foris,
952 2526 976 2550 et
1001 2526 1057 2550 toto
1077 2522 1172 2549 comi-

201 2579 268 2603 tatu
284 2575 368 2611 ejus;
386 2583 443 2611 que
460 2583 507 2602 res
529 2579 555 2602 et
576 2575 774 2611 possessiones
789 2575 873 2603 nobis
885 2575 1055 2611 pertinent,
1078 2579 1104 2602 et
1125 2583 1172 2602 eas

193 2628 270 2666 jure
292 2627 486 2664 obliqationis
510 2635 605 2663 usque
626 2627 794 2661 tenuimus,
816 2635 873 2664 pro
895 2627 1012 2655 duabus
1033 2627 1173 2664 partibus

201 2684 322 2709 centum
355 2680 506 2708 librarum
537 2679 738 2708 denariorum
764 2680 961 2716 papiensium
993 2688 1069 2716 quas
1099 2679 1171 2707 olim

202 2731 330 2760 doniina
351 2731 497 2768 Purpura
518 2731 618 2759 amita
639 2735 744 2759 nostra
765 2731 913 2767 prelibato
938 2731 1023 2758 Petro
1044 2730 1174 2766 prefecto

201 2784 272 2812 viro
287 2792 341 2812 suo
358 2784 483 2812 nomine
504 2783 581 2812 dotis
601 2783 696 2817 dedit,
717 2783 796 2812 sicut
813 2791 869 2820 per
890 2783 1031 2811 dotalitia
1053 2783 1174 2810 instru-

201 2841 307 2866 menta
334 2841 459 2874 apparet
482 2845 538 2873 que
564 2836 646 2864 vobis
668 2836 707 2864 ad
731 2837 879 2873 majorem
904 2835 1021 2864 ecclesie
1042 2835 1174 2863 Romane

202 2889 356 2919 cautelam
375 2889 495 2924 damus,
519 2897 572 2917 nec
594 2897 657 2917 non
679 2893 705 2917 ec
725 2897 782 2926 pro
801 2888 940 2925 portione
958 2887 1042 2916 nobis
1057 2895 1175 2923 compe-

201 2945 282 2971 tente
301 2941 532 2978 quinquaqinta
554 2941 694 2969 aliarum
716 2941 869 2969 librarum
893 2939 1026 2977 ejusdem
1048 2943 1173 2973 monete,

202 2994 329 3024 nomine
343 2993 517 3023 donationis
528 2998 653 3031 propter
667 2993 804 3031 nuptias,
822 3001 916 3030 quam
933 2992 1012 3021 idem
1024 2992 1176 3029 prefectus

1274 412 1429 449 predictus
1450 413 1542 439 amite
1564 418 1662 440 nostre
1683 413 1766 447 fecit,
1784 417 1872 448 atque
1887 421 1942 449 pro
1958 412 2099 449 porcione
2115 411 2242 439 uuicui-

1277 473 1333 500 que
1356 469 1491 492 nostrum
1513 469 1690 500 competente
1707 469 1824 492 eentum
1846 465 1982 492 aliarum
2002 464 2152 491 librarum
2167 472 2242 500 pro-

1280 517 1455 544 vesinarum
1484 516 1527 543 eet
1549 524 1624 552 quas
1649 518 1785 552 prefatus
1801 516 1872 544 olim
1890 516 1997 544 Petrus
2010 517 2158 552 prefectus
2172 525 2242 552 pre-

1279 567 1376 596 dictus
1394 567 1514 596 domine
1531 568 1670 605 Purpure
1686 569 1777 596 uxori
1793 578 1844 596 sue
1862 569 1891 596 in
1909 578 1962 595 sno
1979 573 2151 596 testamento
2169 568 2242 596 reli-

1279 620 1362 656 quid.
1385 620 1597 656 Quodcumque
1619 620 1718 656 itaque
1733 621 1801 656 jus,
1822 625 1846 648 ct
1864 629 2077 656 qztanicunque
2092 621 2241 647 actionem

1277 672 1463 708 personalem
1482 676 1506 699 et
1529 672 1563 699 in
1590 681 1649 699 rent
1675 673 1737 700 siue
1755 673 1991 708 ypotheeariam,
2013 677 2072 699 tam
2095 673 2185 699 etiam
2203 672 2242 700 ad

1280 724 1430 760 offendunt
1449 733 1539 760 quani
1561 725 1768 761 (accipiendum
1794 725 1873 760 quod
1895 734 2023 761 quami-e
2047 725 2079 752 in
2103 725 2243 752 omnibus

1278 776 1423 813 predictis
1447 777 1533 804 rebus
1561 777 1693 805 civitatis
1719 777 1884 805 Cas-tellone
1913 778 1993 805 intus
2023 782 2047 803 ct
2077 777 2188 812 deforis
2218 781 2242 804 et

1281 830 1375 858 tocius
1389 830 1548 857 comitatus
1564 830 1637 865 tjus,
1656 834 1680 856 et
1703 830 1732 856 in
1750 830 1834 856 omni
1855 830 2039 865 patrimonio
2055 830 2170 857 ecclest‘e
2186 830 2241 857 tto-

1282 890 1380 916 mane,
1407 886 1432 909 et
1453 882 1624 918 specialiter
1642 882 1673 909 in
1691 882 1829 909 omnibus
1847 882 1930 909 bonis
1954 882 1982 909 in
2008 882 2181 918 corporibus
2201 883 2244 910 cet

1282 936 1314 963 in
1331 934 1504 962 accionibus
1520 934 1699 967 constitutis,
1720 942 1774 970 que
1789 935 1914 968 fuerunt
1933 935 2003 961 oiim
2020 934 2147 970 predicti
2165 934 2245 961 Petri

1280 987 1405 1025 prefecti
1437 987 1595 1019 habemus,
1627 991 1651 1013 ct
1686 986 1855 1022 specialiter
1889 986 2033 1014 udrersus
2068 987 2243 1014 modernum

1285 1041 1403 1069 Petrum
1420 1040 1584 1076 prefectum
1604 1042 1628 1065 et
1645 1039 1708 1074 ejus
1722 1039 1832 1072 fratres
1850 1039 1893 1065 ret
1909 1047 2009 1066 corum
2028 1047 2205 1066 successores
2221 1043 2246 1066 et

1283 1092 1417 1122 heredes,
1444 1096 1532 1127 atquc
1559 1091 1704 1118 adversus
1729 1091 1823 1117 aliam
1851 1099 2062 1126 quamcunque
2086 1099 2244 1126 personam

1284 1146 1390 1174 habere
1411 1152 1528 1180 quoquo
1550 1143 1634 1171 modo
1653 1152 1805 1179 possemus
1825 1147 1951 1178 respectu
1972 1143 2096 1178 reljnre
2112 1143 2243 1170 dnornm

1282 1198 1423 1236 parcium
1439 1196 1553 1234 prestre
1569 1196 1645 1223 dotis
1665 1200 1690 1223 et
1706 1195 1893 1223 (Ionationis.
1912 1200 2000 1231 atquc
2023 1196 2158 1223 aliarum
2180 1205 2248 1223 ccn-

1286 1256 1348 1280 tum
1369 1251 1518 1278 librarum
1540 1249 1661 1276 nomine
1678 1249 1767 1284 leyati
1784 1253 1808 1275 et
1828 1249 1998 1283 fruetuum,
2020 1257 2185 1275 nxnrnrnm
2207 1248 2250 1275 rel

1285 1304 1486 1333 accessionum
1505 1310 1606 1330 eorum
1627 1306 1651 1329 ct
1666 1310 1750 1337 pene,
1773 1301 1851 1329 robis
1868 1306 1899 1328 ut
1918 1300 2029 1327 dictum
2048 1306 2086 1327 est
2103 1310 2157 1336 pro
2174 1300 2251 1328 dicto

1286 1357 1408 1386 domino
1423 1364 1501 1392 papa
1520 1354 1732 1391 procuratorio
1749 1354 1870 1381 nomine
1889 1354 2058 1388 refutamus
2078 1353 2210 1379 cidimus
2226 1357 2250 1380 et

1286 1409 1481 1441 mandamusy
1492 1412 1516 1435 et
1529 1405 1585 1444 [nt]
1597 1406 1799 1443 utilipossitis
1810 1405 1958 1433 ettlireetn
1968 1406 2087 1433 aei-Ione
2099 1405 2251 1432 intendere

1286 1471 1337 1492 vos
1355 1462 1384 1490 in
1399 1470 1429 1489 re
1440 1460 1570 1497 predicti
1584 1459 1701 1487 domini
1716 1468 1791 1495 pape
1805 1463 2032 1495 procuratorem
2051 1458 2182 1492 furimus
2197 1466 2252 1493 pro

1286 1515 1461 1551 octuaginta
1472 1513 1589 1540 duabus
1601 1511 1871 1547 marcisarycntiet
1883 1510 2061 1538 dimidium.
2074 1519 2149 1546 nitas
2158 1510 2249 1543 nohis,

1287 1572 1318 1596 ut
1333 1567 1446 1595 dietum
1461 1570 1512 1597 est,
1528 1574 1583 1602 pro
1596 1564 1761 1600 omnijurc
1777 1568 1875 1591 nostro
1888 1563 2019 1600 predicte
2035 1563 2112 1589 dotis
2126 1563 2146 1591 C
2162 1563 2251 1590 libra-

1287 1629 1356 1648 rum
1375 1618 1573 1647 denariorum
1589 1616 1785 1654 papiensium
1800 1638 1804 1649 ,
1821 1624 1876 1652 pro
1895 1615 1971 1642 dicto
1992 1615 2114 1642 ‹tmntno
2131 1624 2209 1651 papa
2226 1619 2252 1642 et

1257 1669 1261 1673 ’
1287 1674 1421 1702 Romana
1438 1670 1558 1699 ecelesia
1578 1674 1603 1697 ct
1624 1678 1658 1697 er
1678 1669 1742 1704 ejus
1759 1668 1887 1704 pecunia
1903 1668 2114 1704 procuratorio
2132 1667 2253 1695 nornine

1288 1726 1463 1760 elatisatque
1472 1722 1656 1760 persolvitis,
1667 1721 1781 1748 decreto
1790 1720 1994 1757 predictorum
2003 1720 2145 1756 judicum
2157 1728 2253 1755 quan-

1288 1784 1350 1807 tum
1374 1776 1412 1805 ael
1433 1776 1526 1804 tlictos
1551 1774 1681 1801 minores
1694 1773 1838 1810 pertinet,
1858 1777 1882 1799 ct
1896 1781 1951 1809 pro
1967 1770 2063 1809 utitis-j
2086 1772 2253 1807 nonayinta

1287 1830 1401 1859 marcis
1424 1828 1543 1864 arycnti
1566 1831 1591 1854 et
1619 1826 1715 1854 tribus
1733 1825 1845 1852 unctiis
1870 1826 1972 1852 minus
1996 1825 2085 1851 tercia
2112 1834 2197 1860 onas,
2223 1829 2254 1852 nt

1288 1883 1401 1911 dictum
1420 1885 1468 1914 est,
1485 1880 1569 1906 nobis
1582 1879 1611 1906 in
1626 1878 1689 1906 alia
1709 1886 1801 1905 manu
1815 1886 1871 1914 pro
1886 1877 2053 1912 omnijnre
2069 1882 2168 1904 nostro
2184 1886 2254 1913 prs-

1289 1936 1364 1964 dicte
1379 1933 1555 1962 donationis
1577 1936 1602 1959 et
1619 1932 1709 1967 leyati
1726 1930 1805 1958 datis
1820 1935 1909 1966 atque
1923 1930 2114 1965 pcrsolritis:
2132 1938 2161 1956 co
2178 1929 2256 1965 quod

1289 1987 1391 2016 habita
1418 1985 1535 2013 ratione
1556 1983 1754 2011 denariorum
1779 1982 1972 2018 papiensium
1991 1981 2029 2008 ad
2044 1981 2257 2017 provenienses

1290 2044 1398 2069 veteres
1411 2042 1436 2066 et
1450 2036 1699 2074 proveniensium
1714 2039 1881 2062 ceterorum
1894 2033 1933 2061 ad
1947 2033 2158 2070 provenienses
2173 2041 2256 2059 sena-

1292 2098 1338 2122 tus
1353 2090 1518 2120 secundum
1536 2093 1681 2117 statutam
1697 2089 1827 2123 formum
1843 2087 2027 2123 ajudieibus
2040 2090 2064 2113 ct
2086 2086 2257 2113 mercatori-

1291 2147 1344 2174 bus
1363 2144 1455 2178 Urbis,
1476 2143 1555 2170 dieta
1577 2142 1678 2178 porcio
1698 2145 1798 2168 nostra
1817 2139 2023 2176 predictarum
2045 2147 2145 2166 recum
2167 2146 2258 2174 usque

1292 2197 1330 2226 ad
1347 2197 1458 2225 dietam
1474 2202 1625 2222 summam
1643 2193 1763 2228 arpenti
1780 2191 1972 2225 t’.z't‹¹tttlittti·;
1989 2200 2063 2227 onas
2078 2199 2179 2218 omnes
2192 2199 2257 2227 prc-

1293 2250 1390 2278 dictas
1405 2256 1526 2276 ‘mareas
1542 2246 1672 2282 arpenti,
1695 2245 1777 2272 nobis
1793 2252 1846 2280 pro
1860 2244 1996 2280 portione
2013 2243 2180 2279 unicnique
2196 2251 2259 2270 nos-

1294 2307 1377 2331 trum
1395 2303 1584 2337 competente.
1605 2302 1631 2326 et
1650 2297 1727 2325 mihi
1742 2296 1911 2333 spetialiter
1926 2296 2012 2323 Petro
2025 2304 2080 2331 pro
2098 2304 2153 2322 me.
2172 2294 2259 2322 dictis

1293 2354 1465 2383 minoribus
1482 2360 1578 2388 quoru
1586 2360 1611 2378 m
1627 2354 1708 2378 litun·
1721 2358 1798 2384 suni.
1813 2353 1839 2376 et
1856 2348 1935 2376 mihi
1949 2348 2035 2376 Petro
2050 2348 2260 2375 Bonacenture

1295 2416 1361 2436 cum
1389 2406 1467 2434 dicto
1489 2409 1601 2442 patruo
1622 2407 1647 2430 et
1675 2406 1813 2437 curatore
1843 2409 1906 2428 meo
1931 2409 1987 2437 pro
2014 2400 2152 2437 portione
2182 2399 2261 2427 milti

1292 2460 1472 2498 pertinente,
1491 2457 1620 2490 deci-ew,
1638 2459 1671 2483 ut
1689 2455 1802 2482 dictum
1821 2458 1874 2488 est,
1889 2453 2032 2489 judicum
2052 2452 2258 2489 predictorum

1295 2516 1443 2551 quantuni
1462 2510 1500 2538 ad
1518 2509 1685 2546 portionem
1712 2507 1770 2535 mei
1787 2506 1868 2534 Petri
1891 2505 2134 2542 etpredictornm
2161 2505 2259 2541 impu-

1294 2567 1397 2594 berum
1420 2563 1637 2600 pertinentem,
1665 2560 1744 2588 datis
1768 2563 1858 2595 atque
1877 2558 2061 2595 persolvitis.
2091 2557 2126 2585 De
2151 2557 2260 2593 quibus

1296 2618 1446 2650 omnibus,
1462 2620 1487 2643 et
1504 2615 1538 2642 dc
1554 2613 1638 2641 omni
1656 2616 1757 2640 nostro
1766 2612 1840 2647 jure
1855 2615 2004 2646 quantum
2023 2609 2188 2637 addictam
2206 2609 2260 2636 do-

1297 2676 1352 2700 tem
1369 2674 1394 2698 et
1410 2668 1601 2697 donationem
1620 2670 1645 2693 et
1667 2665 1797 2702 leyatum
1813 2663 1945 2700 pertinet
1963 2671 2014 2690 nos
2037 2662 2105 2689 bene
2120 2661 2260 2697 quieto[s]

1295 2729 1438 2752 vocamus
1461 2724 1486 2748 et
1504 2728 1564 2747 non
1587 2718 1682 2746 solute
1695 2716 1822 2754 pecunie
1837 2724 1886 2743 seu
1905 2723 1965 2742 non
1985 2713 2097 2742 reddite
2113 2713 2191 2741 dotis
2209 2721 2262 2741 ex-

1296 2775 1456 2813 ceptionem
1479 2773 1508 2800 in
1529 2771 1668 2799 omnibus
1683 2774 1710 2797 et-
1726 2778 1781 2806 per
1801 2768 1907 2796 omnia
1933 2768 2113 2802 refutamus.
2135 2765 2262 2802 Ideoque

1296 2827 1403 2857 amodo
1421 2826 1519 2854 dictus
1540 2823 1682 2852 dominus
1702 2829 1781 2858 papa
1805 2825 1830 2848 et
1857 2824 1915 2848 tota
1936 2820 2070 2847 Romana
2090 2818 2210 2846 ecclesia
2226 2826 2263 2846 ez·

1297 2882 1352 2910 hac
1368 2887 1458 2908 causa
1475 2877 1573 2914 quiete
1587 2883 1703 2912 semper
1718 2878 1743 2902 et
1758 2873 1880 2910 pacifice
1895 2876 2028 2899 maneat.
2048 2871 2177 2907 Insuper
2188 2879 2262 2907 pro-

1296 2933 1449 2962 mittimus
1467 2930 1547 2959 vobis
1567 2929 1621 2956 hoc
1643 2931 1780 2956 nostrum
1797 2926 1852 2962 jus
1875 2929 1968 2953 totum
1986 2924 2031 2952 vel
2046 2928 2163 2960 partem
2182 2922 2263 2950 nulli

1297 2987 1356 3016 alii
1378 2983 1560 3017 concessisse,
1580 2980 1734 3017 obligasse,
1752 2987 1804 3006 nec
1826 2978 1918 3006 aliter
1935 2977 2098 3009 alienasse,
2117 2980 2141 3003 et
2157 2975 2183 3003 si
2201 2974 2264 3002 ali-
