2392 3571
123 328 179 357 57⁶2

161 393 223 418 ilem
250 390 452 417 incarnationis
472 388 622 414 millesimo
646 387 843 413 ducentesimo
865 386 1008 412 tricesimo
1030 388 1122 415 sexte,

161 440 344 475 pontificatus
355 438 460 464 domini
474 437 605 471 Gregorii
619 445 690 471 pape
703 436 768 462 noni
785 444 859 461 anno
872 444 955 465 nono,
970 434 1124 460 indictione

162 497 244 516 nona.
263 495 360 513 meuse
377 486 510 512 februarii
527 485 571 511 die
587 485 718 518 septima.
737 483 795 510 Hac
811 483 925 518 quidem
939 483 984 508 die
1002 482 1124 508 Bartho-

161 538 271 563 lomeus
284 535 411 561 Nuclerii
429 535 462 559 de
480 534 594 560 Pali-ano
613 542 665 559 sua
682 534 795 568 propria
810 536 838 558 et
854 537 1009 567 spontanea
1027 531 1124 556 volun-

159 590 216 611 tate
234 584 359 610 vendidit
377 588 403 609 et
422 583 644 609 irrevocabiliter
661 582 775 608 tradidit
791 581 905 608 domino
923 581 1000 607 fratri
1016 580 1124 605 Thome

161 633 268 660 domiui
295 641 365 667 pape
389 632 545 657 camerario
571 631 768 665 procuratorio
793 630 907 656 nomine
934 638 983 663 pro
1010 628 1125 654 domino

162 691 231 717 papa
255 686 282 707 et
302 682 364 707 suis
386 679 608 707 successoribus
631 679 664 705 ad
688 688 760 714 opus
781 683 808 705 et
829 679 978 704 utilitatem
996 678 1125 704 Romane

158 731 280 757 ecclesie
296 730 443 764 recipienti
462 730 690 763 imperpetuum,
709 728 840 754 videlieet
858 727 952 753 omnia
968 731 995 753 et
1012 726 1125 759 singula

159 779 338 811 integraliter
352 787 408 812 que
424 778 508 803 habet
524 778 550 803 in
567 777 659 803 roccis
671 781 698 803 et
715 777 817 803 castris
830 776 938 802 Paliani
951 781 976 801 et
993 774 1126 801 Scri-onis

159 838 223 855 cum
241 828 373 854 domibus
393 830 421 853 et
444 827 579 852 casalinis
601 826 672 852 infra
693 834 792 852 roccas
810 830 837 851 et
859 828 953 851 castra
973 824 1069 850 eadem
1092 823 1125 848 ad

161 879 253 912 ipsum
280 885 349 903 suos
376 876 496 902 heredes
520 879 548 901 et
574 883 762 902 successores
784 875 993 909 pertinentibus
1014 878 1039 899 et
1060 881 1125 899 cum

159 927 236 953 omni
249 927 324 959 jure.
335 925 549 959 jurisdictione,
565 924 709 957 districtu,
721 924 846 950 dominio
859 923 1014 953 ethonore,
1029 925 1055 948 et
1069 924 1124 947 tam

158 976 185 1001 in
201 975 333 1001 vassallis
345 982 429 1008 quam
446 974 473 999 in
486 974 580 1003 terris,
594 973 697 1006 vineis,
712 973 809 1006 pratis¹
823 972 979 1000 montibus,
993 970 1124 1003 collibus,

160 1023 301 1059 planiciis,
317 1022 408 1053 silvis,
427 1023 552 1056 pascuis,
567 1021 649 1055 aquis
662 1025 690 1046 et
704 1020 960 1047 communitatibus
973 1019 1124 1049 universis,

159 1075 236 1099 sieut
263 1072 317 1106 ipsi
347 1071 548 1097 Bartliolomeo
576 1069 731 1095 heredibus
756 1073 783 1095 et
815 1068 1036 1094 successoribus
1065 1068 1127 1093 suis

159 1124 325 1155 competunt
342 1120 385 1146 vel
408 1120 552 1154 pertinent
576 1126 627 1153 pro
648 1118 740 1144 diviso
760 1118 802 1143 vel
825 1117 959 1149 indiviso,
977 1117 1060 1141 tacite
1081 1115 1125 1141 vel

159 1178 306 1205 expressev
329 1169 355 1195 in
383 1168 520 1203 predictis
543 1167 647 1194 castris
670 1167 748 1193 intus
769 1170 796 1192 et
820 1171 899 1192 extra
917 1169 945 1191 et
964 1174 1013 1200 per
1035 1168 1125 1191 totum

160 1219 326 1246 eorumdem
343 1221 501 1244 castrorum
515 1217 689 1243 territorium
702 1216 743 1241 vel
761 1215 932 1245 districtum,
948 1218 975 1240 et
991 1213 1126 1247 quicquid

161 1270 222 1303 ipse
239 1268 281 1293 vel
298 1268 351 1293 alia
367 1275 490 1301 persona
514 1274 564 1300 pro
586 1266 648 1300 ipso
671 1265 704 1290 de
723 1265 858 1298 predictis
877 1263 1011 1289 omuibus
1031 1262 1126 1296 possi-

160 1317 206 1343 det
228 1326 242 1342 a
265 1317 390 1350 presenti
414 1315 528 1340 nomine
549 1314 656 1340 domini
680 1322 751 1347 pape
770 1317 798 1338 et
813 1312 934 1338 ecclesie
951 1311 1080 1337 Romane
1096 1319 1127 1336 se

158 1365 310 1392 constituit
333 1365 462 1398 precario
486 1363 644 1394 possidere.
663 1361 695 1387 Et
717 1361 792 1387 sletht
810 1365 894 1394 atque
910 1359 1054 1386 concessit
1074 1359 1127 1392 ipsi

160 1414 274 1440 domiuo
291 1412 447 1439 camerario
460 1420 509 1446 pro
522 1412 636 1437 domino
653 1419 722 1445 papa
733 1414 759 1435 et
776 1410 897 1435 ecclesia
915 1409 1043 1434 Romana
1059 1408 1128 1433 libe-

160 1472 218 1489 ram
240 1465 409 1497 potestatem
428 1461 549 1487 intrandi
568 1464 595 1485 et
610 1459 767 1491 aecipiendi
786 1467 834 1491 per
851 1466 881 1483 se
898 1457 940 1482 vel
957 1465 1041 1482 suum
1060 1465 1128 1490 pro-

158 1516 319 1538 curatorem
340 1510 508 1535 auctoritate
537 1509 649 1543 propria
674 1508 887 1541 possessiouem
912 1506 1039 1531 omnium
1063 1513 1128 1539 pre-

159 1561 315 1589 dictortun,
348 1564 374 1584 et
405 1558 541 1589 habendi,
573 1557 701 1587 tenendi,
734 1555 860 1585 fruendi.
892 1554 1070 1589 permutandi
1102 1557 1129 1580 et

161 1608 327 1644 possidendi
351 1607 383 1633 ad
406 1615 479 1641 opus
499 1610 526 1632 et
550 1605 700 1631 utilitatem
725 1604 855 1630 Romane
879 1603 1002 1630 ecclesie
1023 1603 1129 1637 imper-

159 1661 279 1692 petuum
293 1657 388 1682 omnia
405 1655 583 1688 supradicta:
603 1662 712 1680 necnon
728 1653 817 1679 cessit
832 1656 859 1679 et
876 1652 1020 1678 mandavit
1035 1651 1128 1677 eidem

161 1707 277 1733 domino
302 1705 458 1732 camerario
484 1713 534 1737 pro
560 1704 676 1730 domino
703 1711 773 1737 papa
799 1706 827 1728 et
851 1703 974 1728 ecclesia
1000 1701 1129 1727 Romana

160 1763 261 1782 omnes
288 1755 418 1780 actiones
445 1753 537 1779 reales
562 1756 590 1779 et
618 1752 799 1786 personales,
828 1751 912 1777 utiles
936 1754 964 1776 et
994 1750 1127 1781 directas,

160 1805 263 1831 tacitas
284 1807 312 1829 et
333 1810 503 1837 expressas,
520 1801 672 1833 generales
688 1805 715 1826 et
731 1800 871 1834 speciales
886 1799 978 1826 eidem
996 1799 1028 1825 Β.
1047 1800 1130 1824 liere-

160 1854 245 1879 dibus
271 1856 299 1878 et
324 1851 545 1877 successoribus
570 1851 633 1876 suis
656 1850 751 1884 aliquo
776 1854 903 1883 tempore
933 1852 1129 1882 competentes

162 1903 205 1928 vel
221 1901 443 1935 conipetituras,
462 1900 540 1926 salvo
558 1908 608 1933 per
622 1900 717 1925 omnia
732 1898 786 1933 ipsi
804 1898 835 1924 B,
854 1899 916 1924 suis
933 1897 1088 1924 heredibus
1102 1900 1130 1922 et

162 1950 384 1977 suecessoribus
416 1952 553 1982 perpetuo
583 1948 657 1981 quod
690 1948 840 1973 universas
871 1946 1073 1981 possessiones
1103 1948 1130 1970 et

161 2000 257 2025 omnia
274 1998 428 2024 immobilia
449 2002 529 2023 extra
550 1997 726 2023 munitiones
743 1996 884 2022 dictorum
901 1999 1060 2021 castrorum
1080 2003 1131 2028 po-

163 2050 232 2079 sita,
253 2049 454 2082 possessiones
474 2051 501 2072 et
526 2046 654 2072 redditus
671 2046 856 2071 vassallorum
875 2053 992 2070 suorum
1015 2052 1087 2077 quos
1103 2048 1130 2069 et

162 2106 217 2131 quc
242 2097 329 2129 hujus
353 2095 535 2121 alienationis
551 2098 680 2127 tempore
704 2095 729 2119 in
747 2094 850 2119 eastris
868 2093 1005 2118 babuerat
1022 2100 1130 2118 memo-

163 2147 241 2174 ratis.
257 2153 272 2170 a
288 2145 403 2170 domino
416 2153 485 2178 papa
497 2147 525 2169 et
537 2143 660 2169 ecclesia
673 2142 802 2168 Romana
816 2142 842 2167 in
858 2141 974 2167 feudum
988 2141 1022 2166 de
1034 2144 1130 2166 cetero

164 2197 287 2224 teneant,
310 2197 337 2218 et
359 2193 461 2219 exinde
483 2192 575 2226 ipsius
592 2191 700 2217 domini
719 2199 789 2225 pape
810 2194 836 2216 et
860 2190 989 2216 Romane
1008 2190 1130 2215 ecclesie

164 2243 276 2269 vassalli
294 2242 353 2268 sint
373 2246 507 2276 perpetuo
529 2245 556 2266 et
578 2240 692 2273 fideles,
716 2244 743 2266 et
759 2240 801 2265 eis
819 2243 933 2273 propter
949 2240 1002 2264 lioc
1019 2239 1131 2273 specia-

166 2292 229 2317 liter
251 2294 379 2325 prestent
401 2290 565 2321 liomagium
588 2289 746 2323 personale.
771 2288 826 2314 Pro
848 2297 904 2322 qua
920 2287 1083 2313 venditione
1104 2290 1132 2313 et

166 2340 322 2367 tradicione
344 2339 452 2373 recepit
468 2342 496 2364 et
517 2338 615 2364 habuit
632 2337 852 2363 Bartholomeus
876 2336 1023 2370 predictus
1046 2345 1060 2361 a
1081 2336 1132 2362 do-

166 2389 242 2415 miuo
258 2390 413 2415 camerario
430 2388 564 2422 superius
581 2390 737 2413 memorato
759 2386 873 2412 nomine
887 2386 995 2411 domini
1019 2393 1089 2419 pape
1105 2389 1133 2411 et

165 2438 287 2464 ecclesie
310 2437 439 2463 Romane
458 2437 587 2462 solvente
610 2436 749 2462 ducentas
771 2439 798 2461 et
821 2435 1029 2468 quinquaginta
1046 2434 1133 2460 libras

167 2487 305 2512 bonorum
319 2490 346 2512 et
358 2485 491 2520 legalium
506 2485 737 2518 proveniensium
751 2488 880 2515 senatus,
894 2483 928 2508 de
943 2484 1050 2516 quibus
1062 2483 1133 2508 bene

167 2543 198 2560 se
214 2535 342 2568 quietum
357 2538 384 2559 et
401 2538 532 2567 pacatum
546 2533 667 2560 vocavit,
682 2531 844 2565 exceptioni
863 2540 916 2556 non
932 2531 1024 2556 solute
1037 2535 1064 2556 et
1078 2539 1131 2556 nou

168 2586 315 2609 numerate
335 2582 390 2608 sibi
408 2582 529 2616 pecunie
545 2581 752 2607 renuntiando:
770 2585 797 2605 et
819 2580 842 2605 si
865 2579 989 2613 predicta
1008 2580 1070 2613 plus
1087 2588 1134 2605 ra-

169 2632 225 2657 lent
242 2631 337 2665 precio
354 2630 528 2663 supradicto,
545 2633 635 2655 totum
649 2638 663 2654 a
678 2629 803 2663 presenti
820 2629 911 2654 eidem
931 2628 1047 2653 domiuo
1064 2636 1134 2662 pape

167 2680 200 2705 ad
225 2688 297 2713 opus
318 2684 346 2705 et
371 2679 519 2704 utilitatem
545 2678 674 2704 Romane
698 2678 820 2703 ecclesie
841 2677 918 2702 dedit
940 2680 968 2702 et
990 2677 1135 2703 concessit

171 2729 257 2754 libere
268 2728 488 2762 imperpetuum.
500 2727 552 2752 Pro
562 2727 667 2761 quibus
678 2726 812 2752 omnibus
821 2725 1136 2751 tirmiterobservandis

135 2872 209 2898 vend
225 2881 259 2898 au
276 2872 476 2906 Saint-Siege‚
500 2874 665 2905 represente
682 2880 730 2906 par
746 2872 819 2897 frere
833 2871 976 2903 Thomas,
998 2870 1138 2897 cauteriet·

136 2920 170 2946 de
195 2921 333 2953 Gregoire
360 2920 421 2951 lx,
447 2925 513 2946 tous
538 2928 586 2946 ses
611 2920 701 2946 droits
725 2928 775 2945 sur
801 2919 916 2945 Paliauo
941 2923 968 2945 et
995 2918 1136 2949 Serrone,

137 2973 310 3003 moyennant
326 2977 381 2995 une
397 2977 506 2995 somine
523 2969 556 2994 de
571 2969 622 2995 ί250
639 2969 735 2996 livres.

666 321 716 350 LE
740 320 883 349 LIBER
906 317 1141 349 CENSUUM
1164 317 1218 346 DE
1241 308 1428 346 L’EGLISE
1450 316 1659 346 ROMAINE.

1243 387 1272 409 et
1288 384 1412 417 plenarie
1429 383 1619 417 adimplendis
1635 383 1729 409 omnia
1746 391 1798 409 sua
1813 383 1887 409 bona
1904 383 2017 409 mobilia
2032 387 2060 409 et
2076 383 2212 410 immobi-

1242 432 1294 463 lia,
1314 432 1461 466 presencia
1477 435 1505 458 et
1525 432 1619 457 futura
1636 431 1729 457 eidem
1745 431 1860 457 domino
1877 439 1949 466 pape
1968 435 1996 457 et
2016 430 2146 457 Romane
2161 439 2212 457 ec-

1242 482 1329 507 clesie
1350 481 1515 514 {obligavit],
1533 485 1560 506 et
1577 480 1675 506 eadem
1695 484 1809 514 propter
1829 481 1883 506 hoc
1904 480 2067 514 specialiter
2081 480 2210 514 ipsorum

1243 531 1357 556 nomine
1378 538 1410 556 se
1434 529 1584 556 constituit
1608 529 1734 563 precario
1762 528 1922 563 possidere.
1948 528 2156 554 Renunciando
2181 528 2212 555 in

1242 578 1298 604 hiis
1321 579 1456 604 omnibus
1481 586 1531 613 pro
1559 586 1590 604 sc
1616 582 1644 603 et
1668 578 1731 603 suis
1755 577 1910 603 heredibus
1933 582 1960 603 et
1989 576 2212 603 successoribus

1241 627 1317 653 omni
1331 628 1407 662 juris
1418 627 1524 653 auxilio
1535 627 1664 653 canonici
1677 630 1704 652 et
1718 626 1822 658 civilis,
1834 625 2038 652 consuetudini
2051 629 2080 652 et
2091 628 2211 658 statuto,

1242 681 1271 702 et
1285 677 1362 702 omni
1379 676 1539 710 exceptioni
1557 675 1713 701 defentioni
1730 683 1763 701 ac
1780 675 1819 701 rei
1834 683 1889 709 que
1905 678 2003 701 contra
2019 675 2074 700 hoc
2091 676 2211 709 possent

1242 725 1318 750 obici
1335 725 1558 750 instrumentum
1581 724 1622 749 vel
1644 724 1759 749 factum.
1782 723 1864 749 Hanc
1887 727 1982 749 autem
1998 722 2208 755 venditionem,

1243 773 1423 799 traditionem
1444 776 1471 798 et
1492 773 1586 798 omnia
1602 772 1785 807 supradicta,
1802 772 1888 798 tactis
1908 771 2102 798 sacrosanctis
2118 770 2213 796 Evan-

1243 822 1326 855 geliis
1347 822 1457 855 juravit
1482 825 1510 847 et
1531 821 1663 856 promisit
1689 820 1910 847 Bartholomeus
1934 820 2081 854 predictus
2103 822 2163 845 rata
2184 821 2213 845 et

1243 871 1324 897 firma
1340 879 1453 905 semper
1470 870 1574 896 babere
1591 874 1619 895 et
1634 873 1733 896 contra
1748 877 1802 895 non
1820 869 1917 895 venire
1933 870 2144 903 imperpetuum
2161 876 2214 903 per

1244 928 1274 945 se
1290 927 1417 952 suosque
1434 919 1554 944 heredes
1573 919 1616 944 vel
1637 926 1825 944 successores
1843 917 1885 943 vel
1908 926 1959 952 per
1975 917 2097 951 aliquam
2118 916 2152 942 ab
2169 915 2212 942 eis

1244 968 1418 994 submissam
1453 967 1494 992 vel
1532 966 1756 993 submittendam
1794 974 1942 1000 personam
1955 987 1961 996 ,
1993 966 2077 991 modo
2106 966 2212 999 aliquo,

1243 1016 1342 1042 fraude
1357 1016 1398 1041 vel
1416 1016 1532 1047 iugenio
1549 1024 1599 1041 seu
1614 1018 1745 1049 pretextu
1761 1015 1885 1048 alicujus
1902 1014 2081 1048 exceptionis
2098 1021 2213 1048 compe-

1244 1066 1331 1091 tentis
1347 1065 1401 1090 sibi
1419 1072 1493 1089 nunc
1509 1064 1551 1089 vel
1577 1064 1764 1097 imposterum
1788 1063 1996 1097 competiture‚
2011 1066 2038 1088 et
2054 1062 2130 1096 quod
2147 1070 2214 1096 pre-

1244 1114 1319 1140 dicta
1335 1113 1429 1139 omnia
1441 1113 1525 1138 alicui
1539 1120 1593 1138 non
1607 1111 1734 1138 vendidit
1750 1120 1803 1137 nec
1819 1111 1935 1137 donavit
1951 1111 1994 1137 vel
2010 1111 2216 1145 impignoravit

1246 1171 1297 1188 nec
1313 1163 1402 1188 cessit
1418 1161 1460 1186 vel
1477 1161 1623 1187 concessit
1640 1168 1692 1186 uec
1708 1161 1831 1193 aliquem
1850 1159 1914 1185 inde
1932 1159 2014 1185 alicui
2035 1162 2214 1186 contractum

1244 1212 1311 1237 fecit
1330 1211 1372 1236 vel
1395 1211 1421 1235 in
1443 1210 1529 1235 alium
1551 1209 1698 1235 transtulit
1717 1209 1799 1235 titulo
1816 1209 1940 1243 alicujus
1956 1208 2152 1239 alieiiatiouis;
2171 1211 2216 1235 set

1245 1261 1269 1286 si
1295 1268 1368 1294 opus
1392 1258 1477 1284 fuerit
1499 1262 1527 1284 et
1549 1266 1669 1284 necesse
1692 1257 1819 1291 legitime
1846 1257 1977 1290 promisit
2002 1257 2154 1283 defendere
2179 1257 2215 1283 ab

1245 1309 1323 1334 omni
1338 1316 1459 1342 persona
1476 1307 1602 1340 predicta
1617 1306 1744 1340 legitime
1762 1306 1921 1332 molestiam
1938 1306 1981 1331 vel
1999 1306 2215 1340 calulinlpniam

1245 1357 1376 1386 faciente,
1391 1356 1582 1390 promittendo
1596 1356 1685 1381 eciam
1702 1364 1750 1389 per
1762 1356 1959 1389 juramentum
1976 1354 2051 1389 quod
2070 1354 2158 1381 Maria
2171 1362 2216 1380 so-

1246 1415 1292 1432 ror
1305 1405 1396 1431 suain
1411 1404 1586 1439 supradictis
1598 1404 1733 1430 omnibus
1744 1403 1920 1433 consenciet,
1933 1408 2015 1430 cavet
2030 1408 2058 1429 et
2071 1403 2213 1430 refutabit.

1246 1454 1276 1480 Si
1299 1463 1366 1480 vero
1383 1454 1511 1489 predicta
1527 1454 1622 1479 omnia
1645 1462 1660 1478 a
1680 1453 1880 1479 Bartholomeo
1899 1453 2024 1487 predicto
2046 1452 2109 1478 suis
2132 1452 2216 1478 licre-

1246 1503 1331 1529 dibus
1346 1504 1390 1529 vel
1414 1502 1636 1529 successoribus
1653 1511 1707 1528 uon
1726 1502 1830 1528 fuerint
1851 1506 1989 1536 perpetuo
2005 1502 2157 1527 observata
2172 1501 2216 1527 vel

1247 1552 1331 1578 modo
1343 1552 1470 1586 quolibet
1483 1551 1598 1577 venient
1609 1554 1708 1577 contra
1724 1550 1874 1584 premissa,
1893 1550 2047 1584 predictam
2066 1550 2215 1585 pecuniam

1248 1602 1362 1627 nomine
1380 1609 1452 1635 pene
1468 1600 1583 1635 duplam
1600 1599 1693 1626 eidem
1710 1599 1825 1625 domino
1846 1607 1916 1633 pape
1940 1603 1968 1625 et
1987 1599 2049 1625 suis
2065 1606 2216 1625 successo-

1247 1650 1328 1676 ribus
1344 1653 1372 1675 et
1387 1649 1510 1675 ecclesie
1532 1648 1662 1675 Romane
1685 1656 1716 1674 se
1736 1648 1899 1674 soluturum
1923 1647 2074 1681 sollempni
2094 1647 2217 1682 stipula-

1247 1700 1324 1725 tione
1336 1697 1484 1733 promisit;
1501 1701 1528 1723 et
1542 1706 1613 1731 pena
1624 1697 1718 1723 soluta
1730 1697 1819 1731 liujus
1831 1696 2004 1722 venditionis
2017 1700 2044 1721 et
2057 1695 2217 1723 traditionis

1247 1751 1413 1774 contractus
1424 1751 1451 1773 et
1463 1746 1558 1772 omnia
1570 1745 1732 1780 supradicta
1749 1746 1776 1771 in
1794 1753 1846 1771 sua
1864 1745 2068 1771 nichilominus
2083 1743 2217 1770 firmitate

1247 1797 1413 1831 persistant.
1426 1795 1550 1830 Insuper
1567 1794 1788 1820 Bai-tholomeus
1810 1793 1956 1827 predictus
1975 1794 2082 1827 juravit
2102 1793 2217 1820 domino

1248 1854 1319 1880 pape
1336 1849 1364 1871 et
1379 1845 1502 1871 ecclesie
1526 1844 1655 1870 Romane
1673 1847 1810 1877 perpetuo
1827 1842 1991 1868 fidelitatem
2007 1846 2034 1868 et
2050 1842 2217 1876 homagium

1248 1894 1408 1929 personale.

1284 1944 1389 1969 Actum
1407 1943 1433 1968 in
1452 1943 1558 1976 palacio
1576 1941 1674 1967 Sancti
1694 1941 1796 1975 Angeli
1815 1941 1970 1974 Anagnini.
1992 1939 2083 1973 Cujus
2100 1942 2139 1965 rei
2156 1943 2217 1965 tes-

1247 1997 1292 2018 tes
1313 1992 1404 2026 rogati
1427 1991 1619 2017 interfuerunt
1641 2001 1647 2016 ι
1672 1990 1808 2015 dominus
1828 1990 1993 2023 Stephanus
2016 1988 2123 2014 domini
2145 1996 2218 2023 pape

1248 2041 1413 2075 capellanus
1426 2039 1510 2065 testis
1528 2043 1645 2073 rogatus
1664 2043 1706 2064 est
1723 2047 1728 2067 ς
1752 2038 1837 2064 frater
1854 2037 2012 2064 Raiualdus
2032 2037 2138 2063 Paliani
2154 2045 2219 2063 cas-

1248 2090 1371 2116 tellanus
1387 2089 1471 2115 testis
1488 2093 1605 2122 rogatus
1626 2091 1686 2117 est;
1712 2087 1851 2121 presbiter
1870 2086 1984 2112 Samuel
2001 2086 2083 2112 testis
2100 2089 2219 2120 rogatus

1248 2142 1306 2169 est;
1326 2138 1492 2166 Leonardus
1508 2137 1542 2162 de
1559 2137 1664 2162 Mai-sia
1681 2137 1811 2162 servieus
1827 2135 1934 2161 domini
1951 2143 2020 2169 pape
2036 2135 2120 2161 testis
2135 2143 2219 2169 roga-

1249 2193 1296 2214 tus
1317 2192 1378 2217 est;
1399 2187 1506 2212 §lilitus
1531 2191 1560 2212 et
1580 2186 1730 2212 Jobauues
1749 2185 1900 2210 l'altouerii
1923 2189 2013 2210 testes
2032 2185 2122 2218 rogati
2139 2188 2216 2210 suut.

1286 2236 1320 2262 Et
1338 2244 1391 2270 ego
1409 2235 1524 2262 Landus
1542 2234 1682 2269 imperiali
1699 2234 1870 2259 auctoritate
1892 2233 2060 2259 scriniarius
2083 2233 2219 2266 predictis

1250 2286 1384 2312 omnibus
1401 2285 1517 2311 interfui
1541 2288 1568 2310 et
1585 2285 1619 2309 de
1642 2292 1788 2309 consensu
1817 2282 1965 2315 utriusque
1990 2281 2078 2316 partis
2103 2285 2219 2315 rogatus

1250 2335 1363 2369 scripsi.

1220 2475 1393 2510 [CCCXIVJ.
1416 2491 1448 2494 -
1470 2475 1541 2501 ΑῙΛΑ
1559 2483 1685 2500 νεΝυιτιυ
1702 2482 1784 2499 FACTA
1805 2481 1854 2499 ren
1875 2472 2029 2499 Ononisimi
2048 2471 2221 2498 lucicomum

1252 2535 1287 2552 ns
1305 2525 1426 2551 PALIANO
1440 2529 1459 2551 ¹.

1287 2627 1319 2653 In
1337 2628 1452 2653 nomine
1468 2625 1575 2651 domini
1597 2625 1686 2651 nostri
1706 2624 1777 2650 Jesu
1794 2624 1910 2655 Clu-isti,
1927 2632 2021 2649 amen.
2040 2623 2124 2649 Auno
2141 2623 2222 2656 ejus-

1254 2676 1316 2702 dem
1343 2675 1546 2702 incarnationis
1570 2675 1721 2700 millesimo
1744 2673 1941 2699 ducentesimo
1959 2671 2105 2697 tricesimo
2127 2675 2220 2703 sexto,

1256 2823 1281 2848 1.
1299 2822 1313 2847 7
1330 2821 1434 2847 seri-ier
1456 2819 1533 2847 1236.
1553 2834 1589 2840 —
1608 2819 1739 2845 Oderisio
1762 2817 1914 2850 Picalotto,
1939 2817 1973 2843 de
1995 2817 2124 2850 Paliano,
2149 2815 2220 2842 vend

1219 2879 1255 2897 au
1279 2870 1475 2904 Saint-Siege,
1501 2871 1666 2904 represente
1691 2877 1740 2903 par
1763 2867 1836 2893 frere
1857 2866 1997 2898 Thomas,
2024 2866 2163 2892 camerier
2187 2865 2221 2891 de

1221 2919 1359 2954 Gregoire
1375 2919 1433 2951 lx,
1451 2927 1499 2945 ses
1516 2918 1606 2944 droits
1622 2926 1673 2943 sur
1694 2916 1809 2942 Paliano
1830 2919 1857 2941 et
1878 2915 2012 2941 Serroue.
2029 2929 2061 2934 —
2084 2913 2121 2939 La
2143 2914 2222 2948 piece

1221 2970 1264 2995 n’a
1279 2977 1329 3003 pas
1346 2970 1390 2994 ete
1406 2968 1557 2994 transcrite
1573 2970 1635 2993 tout
1651 2966 1769 2992 entiere.
