2392 3571
653 336 701 365 LE
725 336 868 367 LIBER
891 336 1122 367 CENSUUM
1146 337 1199 366 DE
1224 328 1406 367 L'EGLISE
1429 338 1636 369 ROMAINE.
2120 345 2177 376 583

145 399 365 433 quadragesimo
383 400 515 434 septimo,
540 401 584 427 die
609 401 758 428 undecimo
774 406 896 428 exeunte
912 403 994 434 maio,
1013 403 1102 429 indic-

147 448 223 474 tione
247 450 365 482 quinta,
393 450 574 484 pontificatus
599 451 704 477 domini
729 460 799 486 pape
824 451 982 478 innocentii
1011 451 1103 486 quarti

145 506 218 525 anno
243 504 355 532 quarto,
382 499 408 525 in
433 499 574 533 presentia
596 501 723 533 magistri
748 499 838 527 Boetii
864 509 975 527 camere
998 501 1102 527 domini

146 555 216 581 pape
233 548 328 574 clerici
345 551 373 574 et
389 548 444 574 mei
460 547 542 574 Bassi
559 548 660 574 notarii
676 557 708 574 ac
724 550 839 575 testium
862 549 1102 584 subscriptorum,

145 596 248 622 nobilis
265 597 306 622 vir
326 596 516 630 Raymundus
534 596 623 627 Petri,
647 596 780 623 dominus
801 598 886 623 castri
907 598 941 623 de
962 598 1104 632 Agantico

145 644 356 679 Magalonensis
371 644 506 676 diocesis,
521 645 645 671 asseruit
658 645 731 679 quod
747 654 872 672 annuum
886 654 1003 672 censum
1019 646 1104 672 trium

145 692 398 719 marabuttinoruin
425 692 603 718 ansusiorum
630 700 714 727 quem
742 694 894 727 postulavit
920 694 954 719 ab
982 694 1043 728 ipso
1069 703 1104 720 ex

144 744 222 775 parte
238 740 345 766 domini
362 748 433 774 pape
455 741 540 766 frater
559 740 684 767 Blancus
699 741 733 766 de
750 741 848 767 ordine
865 741 992 768 Fratrum
1011 742 1104 768 Mino-

144 797 204 815 rum
227 788 346 814 nuntius
365 788 472 814 domini
495 796 565 822 pape
589 796 638 822 pro
659 789 781 814 ecclesia
802 788 930 815 Romana
947 798 996 824 pro
1012 794 1104 817 castro

143 836 270 872 predicto
294 844 447 871 numquam
472 837 610 871 persolvit
630 844 682 863 nec
704 845 837 871 umquam
862 839 915 864 scit
938 838 1104 872 hujusmodi

143 893 260 912 censum
283 886 406 911 ecclesie
426 884 555 912 Romane
576 885 683 911 deberit
706 885 755 911 Set
778 894 828 920 pro
849 886 999 912 devotione
1019 896 1103 921 quam

141 935 215 961 idem
234 935 339 961 nobilis
355 935 441 961 habet
456 934 490 961 ad
503 934 659 961 Romanam
672 934 833 964 ecclesiam,
848 935 979 970 promisit
995 945 1045 969 pro
1061 945 1102 968 se,

142 983 296 1010 heredibus
312 987 339 1010 et
357 983 578 1010 successoribus
593 983 655 1009 suis
671 984 746 1009 dicto
762 985 898 1018 magistro
914 983 1013 1011 Boetio
1031 986 1104 1011 reci-

141 1033 230 1067 pienti
251 1032 365 1058 nomine
388 1032 510 1058 ecclesie
530 1031 659 1058 Romane
679 1032 790 1058 solvere
809 1032 843 1058 de
867 1036 962 1059 cetero
983 1034 1104 1060 ecclesie

141 1080 270 1107 Romane
294 1085 322 1107 et
348 1089 460 1107 camere
475 1080 583 1107 domini
600 1088 671 1115 pape
693 1088 742 1115 pro
764 1080 824 1114 ipsa
840 1081 960 1108 ecclesia
974 1081 1104 1108 Romana

142 1128 270 1162 quolibet
285 1137 360 1155 anno
374 1137 424 1163 pro
434 1128 511 1155 dicto
523 1132 617 1154 castro
631 1128 744 1154 nomine
756 1136 861 1155 census
874 1128 967 1155 dictos
978 1132 1035 1155 tres
1047 1137 1103 1155 ma-

143 1178 303 1204 rabuttinos
323 1185 426 1203 aureos
446 1177 596 1203 anfusinos
616 1177 729 1210 quando
744 1177 838 1203 dictus
855 1177 957 1203 nobilis
973 1187 987 1204 a
1004 1178 1103 1205 nuntio

142 1226 271 1252 Romane
292 1225 414 1252 ecclesie
434 1225 520 1251 suerit
540 1226 707 1260 requisitus.
731 1225 767 1252 Et
788 1233 874 1260 super
893 1226 950 1252 hiis
969 1227 1103 1254 omnibus

143 1274 271 1308 prefatus
288 1274 391 1300 nobilis
407 1273 531 1308 prestitit
546 1273 728 1308 corporaliter
738 1275 944 1308 juramentum.
956 1274 1018 1306 Quo
1029 1275 1102 1301 facto

141 1323 215 1349 idem
231 1323 334 1349 nobilis
351 1322 428 1349 dicto
444 1323 580 1356 magistro
596 1321 694 1349 Boetio
710 1323 822 1349 nomine
838 1322 967 1349 Romane
981 1323 1102 1350 ecclesie

141 1380 191 1407 pro
214 1371 270 1398 isto
293 1371 418 1406 presenti
439 1375 540 1404 quarto
562 1379 636 1397 anno
659 1371 765 1397 domini
780 1370 940 1398 Innocentii
956 1380 1028 1407 pape
1043 1375 1102 1398 tres

140 1420 349 1447 marabuttinos
368 1419 518 1446 anfusinos
535 1419 681 1453 persolvit.
699 1419 822 1453 Insuper
838 1419 983 1454 predictus
999 1420 1102 1446 nobilis

140 1477 191 1504 pro
208 1469 283 1495 dicto
297 1477 385 1495 censu
404 1469 515 1502 integro
531 1468 718 1502 persolvendo
732 1476 763 1494 se
777 1468 896 1494 heredes
912 1474 938 1494 et
950 1477 1102 1495 successo-

141 1526 187 1545 res
211 1525 281 1544 suos
305 1526 338 1544 ac
362 1517 436 1544 bona
461 1526 513 1544 sua
538 1517 632 1543 omnia
659 1522 796 1552 perpetuo
822 1518 968 1545 oblim-ivit.
994 1518 1100 1544 Actum

141 1565 288 1601 Lugduni,
307 1565 490 1600 presentibus
513 1565 627 1592 domino
650 1565 738 1592 Paulo
761 1566 899 1592 canonico
920 1566 1033 1593 Lucano
1053 1574 1101 1593 ca-

139 1622 217 1641 mere
238 1614 345 1640 domini
370 1622 441 1649 pape
467 1614 587 1647 clerico,
609 1614 746 1648 magistro
771 1613 901 1640 Johanne
926 1614 960 1641 de
984 1614 1100 1641 Mansso

138 1663 277 1690 canonico
300 1662 473 1694 Biterrensi,
490 1662 642 1689 Guillelmo
658 1662 693 1688 de
708 1663 852 1697 Agantico
869 1663 1014 1697 burgensi,
1033 1663 1098 1689 Ste-

139 1711 232 1746 phano
256 1711 290 1737 de
315 1710 419 1738 Sancta
443 1711 531 1738 Maria
555 1711 659 1738 clerico
682 1710 856 1742 Biterrensi,
883 1711 1039 1738 Bertrando
1064 1712 1099 1738 de

138 1759 304 1794 Urganicis‚
321 1764 348 1787 et
363 1759 438 1786 aliis.

174 1807 210 1835 Et
229 1816 283 1842 ego
305 1807 415 1835 Bassus
434 1808 510 1834 filius
526 1808 667 1842 quondam
687 1809 794 1834 domini
811 1808 928 1835 Roberti
945 1809 1100 1843 apostolica

139 1858 307 1884 auctoritate
323 1861 351 1883 et
367 1865 443 1883 nunc
458 1865 570 1883 camere
585 1857 714 1891 ejusdcm
732 1857 869 1887 notarius.
885 1857 951 1890 quia
966 1857 1022 1883 hiis
1038 1865 1100 1883 om-

139 1905 223 1932 nibus
239 1905 374 1940 predictis
389 1905 520 1937 interfui,
539 1908 640 1940 rogatu
665 1906 814 1940 utriusque
837 1907 924 1940 partis
939 1906 1099 1940 subscripsi

137 1957 166 1980 et
181 1953 324 1988 publicavi
335 1956 354 1980 ¹.

105 2106 340 2141 [cccxxxvll.
361 2123 394 2126 —
414 2106 594 2134 vamsmnu
610 2115 762 2134 concessum
777 2115 889 2134 REcTonl
906 2115 938 2132 ετ
953 2115 1099 2134 FRATRiBUS

138 2163 293 2182 HOSPITAMS
308 2163 451 2181 PAUPERUM
466 2163 552 2181 asara
567 2155 659 2181 Mami:
676 2154 806 2181 Senensis
816 2157 837 2180 ².

174 2255 334 2282 Alexander
361 2255 517 2290 episcopus
550 2263 653 2282 servus
686 2263 835 2282 servorum
870 2255 922 2282 Dei
957 2257 1100 2283 universis

139 2304 245 2332 Christi
261 2305 393 2331 fidelibus
407 2304 441 2330 ad
457 2313 531 2338 quos
547 2305 638 2330 littere
660 2305 714 2330 iste
738 2305 919 2339 pervenerint
935 2306 1055 2332 salutem
1071 2309 1100 2332 et

138 2354 324 2389 apostolicam
348 2353 588 2379 benedictionem.
613 2352 642 2378 Si
663 2353 747 2386 juxta
769 2355 938 2380 sententiam
962 2354 1100 2388 sapientis

140 2403 214 2429 iuter
229 2405 343 2436 tempus
359 2400 520 2427 seminandi
542 2400 734 2427 discernimus
752 2406 780 2427 et
801 2401 941 2434 metendi,
957 2403 1099 2428 seminare

102 2583 304 2618 MagueIonne,
322 2583 406 2617 api-<Es
419 2581 504 2608 s'etre
516 2582 611 2608 refuse
625 2584 640 2608 a
659 2590 743 2617 payer
755 2582 780 2608 le
793 2590 862 2608 cens
875 2583 996 2609 reclame
1010 2592 1058 2618 par
1074 2583 1098 2610 le

103 2632 297 2666 Salui-siege,
314 2635 430 2666 accepte
452 2639 523 2665 pour
544 2630 660 2657 l'avenir
681 2631 716 2656 de
736 2639 833 2657 verser
853 2631 923 2658 trois
941 2632 1099 2659 marbotins

102 2681 210 2714 anfusii
224 2681 334 2714 chaque
349 2681 450 2706 anne‘e.
466 2678 508 2705 Cf.
525 2679 685 2713 ci-dessus,
703 2688 730 2714 p.
747 2679 808 2706 2¹0.

139 2729 165 2756 1.
186 2728 227 2756 Ici
247 2729 272 2754 le
290 2738 302 2752 α
319 2729 403 2762 signe
419 2738 432 2751 »
448 2727 485 2753 du
502 2727 610 2753 notaire
632 2726 756 2760 Bassus,
780 2728 828 2762 qui
848 2736 879 2754 se
898 2728 1000 2755 trouve
1019 2730 1099 2756 aussi

101 2786 137 2804 au
152 2778 204 2804 bas
219 2777 269 2803 des
284 2778 381 2812 pieces
398 2781 440 2802 n⁰⁵
453 2775 576 2802 CCCXL
591 2779 621 2802 et
637 2775 811 2802 CCCXLVI.

138 2826 165 2853 2.
182 2825 311 2856 Viterbe,
328 2825 360 2851 ‘27
373 2824 468 2858 juillet
485 2824 561 2850 1257.
579 2839 611 2843 —-
627 2824 777 2858 Muratori,
794 2826 868 2857 Ant„
886 2828 906 2852 t.
923 2825 974 2858 III,
992 2834 1020 2861 p.
1038 2826 1097 2853 595.

101 2888 139 2896 —
153 2874 192 2901 Le
211 2882 283 2910 pape
298 2872 463 2900 Alexandr-e
478 2872 519 2898 IV
538 2872 658 2899 accorde
678 2872 728 2899 des
746 2873 933 2908 indulgences
948 2883 1004 2901 aux
1019 2875 1100 2901 bien-

102 2924 221 2950 saitem-s
235 2923 270 2949 de
287 2921 411 2956 l’hOpital
427 2921 461 2947 de
477 2920 594 2948 sienne.
608 2935 642 2941 —
657 2920 737 2948 Cette
752 2922 832 2957 piece
847 2926 875 2949 et
890 2923 932 2950 les
947 2923 1022 2950 deux
1038 2924 1098 2950 sui-

101 2974 202 2999 vantes
217 2975 282 2998 sont
296 2970 331 2997 de
348 2970 372 2996 la
388 2970 479 2996 meme
495 2970 580 2996 main.

1220 402 1359 429 debemus
1377 404 1402 429 in
1420 406 1502 430 terris
1521 407 1593 439 quod
1616 415 1679 433 cuin
1698 409 1881 443 multiplicato
1899 411 1990 437 fructu
2011 413 2176 447 recolligere

1219 451 1374 477 debeamus
1397 453 1422 477 in
1444 453 1522 485 celia,
1547 455 1681 481 facientes
1707 457 1788 483 nobis
1810 458 1844 483 de
1869 467 1996 485 mamona
2018 460 2176 495 iniquitatis

1219 499 1337 532 amicos,
1354 499 1401 534 qui
1418 508 1482 526 cum
1499 501 1687 529 dorm-orimus
1705 505 1730 530 in
1750 510 1844 531 eterna
1860 507 2039 534 tabernacula
2059 518 2110 536 nos
2125 510 2177 536 ad-

1221 548 1343 574 mittant.
1367 548 1415 574 Sic
1437 550 1511 575 enim
1536 551 1760 579 thesaurizamus
1785 554 1865 580 nobis
1888 556 2039 583 thesauros
2062 558 2088 584 in
2114 558 2175 585 celo

1221 595 1266 621 ubi
1284 596 1361 621 fures
1379 604 1432 622 non
1450 597 1557 624 fodiunt
1576 608 1626 625 nec
1643 600 1781 633 furantur,
1798 604 1840 628 sic
1856 607 1965 630 terrena
1977 605 2005 630 in
2022 606 2137 632 celestia
2148 611 2177 633 et

1221 644 1383 670 transitoria
1401 645 1426 670 in
1450 649 1546 671 eterna
1571 647 1643 673 felici
1665 642 1834 676 commercio
1854 656 2074 680 commutamus.
2099 653 2178 681 Licet

1220 696 1313 717 autem
1332 692 1526 724 indigentibus
1543 695 1685 722 universis
1705 699 1813 732 aperire
1836 704 1982 727 teneamur
2002 703 2111 729 viscera
2128 712 2177 730 ca-

1221 741 1327 772 ritatis⁷
1353 741 1406 767 illis
1429 746 1521 767 tamen
1543 745 1695 777 specialius
1718 751 1745 772 et
1765 747 1975 776 habundantius
1996 751 2175 784 quodamodo

1221 788 1397 815 liberalitatis
1421 789 1558 816 debemus
1580 793 1696 825 gratiam
1721 795 1854 821 exhibere
1877 797 1925 830 qui
1948 806 2012 824 cum
2032 800 2089 826 sint
2105 809 2176 835 pau·-

1220 844 1303 870 peres
1319 837 1420 871 spiritu
1438 843 1539 872 sponte
1559 840 1681 867 subeunt
1703 851 1788 869 onera
1810 847 1982 878 paupertatis
1999 851 2028 873 ut
2043 849 2177 883 pauperi-

1222 885 1275 910 bus
1298 885 1410 918 possint
1431 887 1577 920 copiosius
1598 889 1760 923 submnire,
1777 891 1842 918 dum
1863 897 2004 928 tamquam
2023 895 2106 923 nichil
2123 897 2177 923 ha-

1221 932 1320 958 bentes
1354 938 1381 959 et
1413 935 1506 960 omnia
1545 937 1723 970 possidentes
1758 940 1834 966 velut
1874 944 2019 975 penuriam
2059 945 2114 979 pati
2147 948 2176 971 et

1220 980 1384 1008 habundare
1400 982 1572 1014 dedicerint,
1589 985 1752 1013 habundant
1771 990 1941 1022 pauperibus
1957 992 2011 1018 sibi
2028 997 2129 1026 egent.
2147 997 2176 1020 et

1220 1029 1247 1054 in
1265 1037 1296 1055 se
1311 1030 1429 1056 aliorum
1446 1036 1601 1064 egestatem
1623 1039 1773 1062 assumunt
1792 1040 1821 1062 ut
1841 1046 1875 1063 ex
1897 1039 2050 1073 indigentia
2068 1041 2175 1068 liberali

1220 1076 1366 1104 liberalius
1381 1079 1543 1106 ministrent
1565 1081 1726 1116 hospitibus
1742 1088 1769 1110 et
1790 1086 1898 1118 egenis.
1918 1086 1978 1114 Hoc
1995 1097 2060 1115 vero
2075 1098 2175 1124 quam-

1220 1126 1264 1152 vis
1280 1126 1360 1153 multi
1373 1127 1549 1155 laudabiliter
1565 1135 1742 1164 exequantur
1756 1133 1792 1159 illi
1809 1138 1900 1160 tamen
1919 1137 2034 1164 student
2049 1138 2176 1166 laudabi-

1219 1175 1275 1201 lius
1290 1176 1444 1211 adimplere
1456 1179 1503 1211 qui
1519 1178 1700 1213 hospitalitati
1712 1187 1843 1208 vacantes
1861 1192 1913 1210 non
1931 1186 2021 1212 solum
2035 1188 2175 1221 recipiunt

1220 1224 1349 1258 hospites
1373 1225 1423 1251 sed
1445 1230 1473 1251 et
1498 1226 1627 1258 trahunt,
1652 1228 1718 1254 illud
1742 1231 1981 1265 propheltielum¹
2000 1239 2175 1269 exequentes

1220 1282 1233 1295 u
1253 1271 1363 1307 Frange
1379 1274 1520 1300 exui-ienti
1538 1283 1638 1308 panem
1662 1280 1742 1303 tuum
1758 1282 1786 1304 et
1801 1287 1908 1313 egenos
1928 1290 2072 1317 vagosque
2090 1284 2176 1311 induc

1219 1320 1248 1346 in
1264 1321 1379 1348 domum
1397 1325 1473 1348 tuam
1487 1333 1492 1354 ;
1513 1331 1578 1349 cum
1600 1324 1705 1351 videris
1721 1326 1829 1353 nudum
1845 1329 1922 1362 operi
1938 1338 2002 1356 eum
2019 1335 2046 1357 et
2061 1340 2175 1358 carnem

1219 1372 1296 1395 tuam
1317 1379 1351 1396 ne
1372 1370 1541 1405 despexeris
1557 1382 1582 1399 n.
1602 1372 1648 1399 Hii
1671 1374 1745 1400 enim
1767 1383 1832 1401 cum
1855 1382 1975 1410 pascunt
1996 1380 2176 1413 esurientes,

1218 1418 1351 1444 sitientes
1372 1424 1479 1453 potant,
1496 1420 1634 1455 colligunt
1656 1422 1801 1457 hospites,
1824 1425 1915 1451 nudos
1936 1427 2061 1453 vestiunt
2076 1432 2104 1454 et
2119 1437 2175 1455 non

1218 1467 1309 1492 solum
1327 1467 1454 1494 infirmos
1470 1468 1597 1500 visitant,
1614 1469 1664 1495 sed
1681 1478 1778 1497 eorum
1795 1472 1823 1498 in
1843 1480 1874 1498 se
1896 1473 2074 1501 infirmitates
2089 1483 2176 1502 assu-

1217 1519 1308 1545 munt,
1327 1516 1487 1542 ministrant
1507 1516 1534 1542 in
1555 1525 1669 1543 carcere
1690 1520 1792 1553 positis
1809 1524 1835 1546 et
1850 1521 1954 1554 quibus
1970 1522 1996 1548 in
2014 1524 2176 1551 infirmitate

1218 1564 1387 1597 participant
1403 1567 1615 1592 communicant
1630 1567 1656 1592 in
1681 1568 1828 1602 sepultura
1847 1569 2000 1602 defunctis,
2020 1572 2065 1598 illa
2080 1573 2175 1599 omnia

1217 1616 1377 1646 exequntur
1408 1618 1522 1647 propter
1549 1622 1604 1648 que
1632 1614 1774 1642 Dominus
1805 1618 1832 1643 in
1860 1618 1957 1650 ultimo
1983 1619 2174 1647 districtionis

1216 1661 1347 1686 examine
1368 1666 1616 1689 remuneraturum
1639 1671 1670 1690 se
1691 1665 1780 1691 bonos
1803 1670 1831 1692 et
1853 1668 1942 1694 malos
1964 1669 2066 1695 asserit
2089 1671 2174 1704 puni-

1216 1713 1322 1735 turum.

1251 1757 1322 1784 Cum
1338 1758 1425 1792 igitur
1443 1759 1537 1786 dilecti
1559 1760 1642 1787 filii...
1662 1766 1755 1788 rector
1774 1767 1801 1788 et
1822 1763 1922 1790 fratres
1939 1765 2086 1799 hospitalis
2102 1775 2174 1800 pau-

1215 1814 1314 1840 perum
1339 1807 1418 1833 beate
1435 1807 1522 1834 Mai-ie
1539 1808 1676 1835 Senensis
1691 1810 1724 1835 ad
1746 1810 1800 1837 hoc
1821 1812 1888 1838 totis
1905 1813 2013 1840 viribus
2028 1814 2174 1841 elaborent

1217 1859 1247 1880 ut
1258 1855 1381 1889 undique
1392 1856 1597 1883 confluentium
1609 1865 1764 1891 egenorum
1777 1860 1881 1893 pariter
1891 1864 1918 1886 et
1930 1869 2062 1895 egrorum
2073 1870 2174 1889 neces-

1215 1903 1350 1929 sitatibus
1365 1911 1396 1929 se
1418 1908 1574 1939 exponant,
1597 1913 1747 1933 monemus
1770 1908 1984 1935 universitatem
2006 1914 2129 1937 vestram
2146 1915 2176 1938 et

1216 1951 1363 1978 hortamur
1386 1952 1414 1978 in
1436 1952 1559 1979 Domino
1579 1962 1612 1980 ac
1630 1954 1658 1980 in
1681 1955 1879 1983 remissionem
1895 1958 1975 1984 vobis
1995 1959 2175 1994 injungimus

1215 2005 1396 2034 peccatorum
1414 2005 1556 2035 quatenus
1572 2006 1602 2028 ut
1617 2007 1817 2038 cooperatores
1836 2005 1900 2032 sitis
1915 2014 2032 2040 operum
2050 2009 2173 2042 pietatis,

1214 2048 1384 2075 accedentes
1399 2049 1434 2075 ad
1456 2058 1508 2076 vos
1522 2058 1620 2077 eorum
1642 2053 1757 2079 nuntios
1780 2053 1902 2088 benigne
1923 2056 2049 2090 recipere
2069 2065 2101 2083 ac
2121 2057 2175 2084 ho-

1216 2100 1296 2123 neste
1311 2101 1431 2124 tractare
1446 2099 1564 2131 curetis,
1581 2099 1623 2126 eis
1637 2105 1718 2134 grata
1731 2101 1860 2128 subsidia
1872 2108 1899 2129 et
1916 2104 1976 2137 pias
1991 2105 2175 2132 belimosinas

1215 2145 1406 2180 conferentes,
1425 2150 1455 2173 ut
1470 2147 1546 2181 quod
1562 2148 1735 2182 pauperibus
1751 2151 1929 2177 contuleritis
1945 2161 1994 2186 per
2009 2161 2110 2180 manus
2126 2162 2176 2180 eo-

1215 2201 1280 2220 rum
1295 2193 1323 2220 in
1341 2195 1438 2225 terris,
1460 2195 1541 2221 vobis
1563 2204 1612 2230 per
1634 2204 1735 2223 manus
1756 2206 1913 2233 pauperum
1931 2200 2129 2228 thesaurizetis
2144 2203 2172 2229 in

1216 2242 1300 2276 celis,
1314 2250 1379 2268 cum
1396 2243 1524 2278 apostolo
1544 2244 1702 2271 sentientes
1717 2246 1850 2280 quoniam
1867 2249 1915 2281 qui
1931 2257 2014 2282 parce
2025 2254 2036 2271 ²
2051 2252 2175 2278 seminat

1215 2299 1300 2325 parce
1316 2296 1344 2316 et
1359 2295 1446 2318 metet
1459 2295 1488 2318 et
1510 2292 1558 2326 qui
1580 2293 1702 2319 seminat
1723 2295 1751 2320 in
1773 2294 2020 2324 benedictionibus
2036 2298 2070 2324 de
2087 2299 2172 2326 bene-

1215 2339 1390 2366 dictionibus
1405 2343 1433 2365 et
1449 2345 1536 2366 metet
1551 2342 1635 2367 vitam
1655 2345 1790 2368 eternam.
1807 2343 1867 2370 Nos
1883 2349 1976 2371 autem
1994 2346 2028 2372 de
2043 2349 2174 2383 omnipo-

1215 2388 1301 2413 tentis
1318 2387 1369 2413 Dei
1385 2389 1578 2415 misericordia
1594 2394 1622 2416 et
1635 2390 1781 2417 beatorum
1802 2391 1877 2418 Petri
1892 2397 1920 2419 et
1934 2393 2014 2421 Pauli
2027 2397 2174 2430 apostolo-

1215 2444 1278 2462 rum
1301 2437 1364 2470 ejus
1379 2437 1548 2464 auctoritate
1575 2446 1607 2464 ac
1628 2446 1661 2464 ea
1680 2440 1764 2473 quam
1786 2440 1868 2466 nobis
1888 2441 2011 2469 indulxit
2032 2443 2175 2472 Dominus

1215 2489 1357 2519 potestate
1379 2485 1497 2517 confisi,
1522 2487 1656 2513 omnibus
1679 2489 1727 2521 qui
1748 2487 1782 2514 de
1806 2489 1990 2517 facultatibus
2013 2492 2076 2519 suis
2101 2493 2174 2527 ipsis

1215 2533 1414 2567 subvenerint,
1431 2539 1459 2560 et
1478 2534 1507 2560 in
1524 2539 1580 2561 tam
1595 2540 1692 2562 sancta
1709 2536 1883 2563 fraternitate
1898 2540 2050 2566 statuerint
2065 2549 2097 2567 se
2113 2543 2174 2568 col-

1214 2582 1294 2616 legas
1310 2583 1409 2616 eisque
1425 2582 1562 2609 beneficia
1578 2584 1754 2618 prestiterint
1768 2586 1924 2618 annuatim,
1943 2588 2094 2622 septimam
2110 2598 2175 2624 par-

1214 2633 1272 2656 tem
1296 2630 1425 2664 injuncte
1447 2631 1603 2665 penitentie
1627 2632 1804 2665 relaxamus,
1826 2634 1994 2661 auctoritate
2017 2638 2173 2671 apostolica

1214 2682 1374 2705 statuentes
1391 2683 1420 2706 ut
1440 2679 1495 2706 hiis
1510 2680 1558 2714 qui
1574 2688 1674 2707 eorum
1690 2681 1895 2709 fraternitatem
1910 2687 2130 2720 assumpserint,
2147 2688 2173 2714 si

1214 2727 1334 2754 ecclesie
1350 2728 1383 2754 ad
1399 2736 1470 2762 quas
1486 2729 1629 2763 pertinent
1644 2729 1752 2757 fuerint
1773 2731 1933 2764 interdicte,
1950 2732 2087 2769 ipsosque
2102 2736 2174 2762 mori

1215 2775 1406 2810 contingeret,
1433 2776 1489 2802 nisi
1509 2778 1750 2805 excommunicati
1770 2779 1815 2804 vel
1838 2779 2004 2806 nominatim
2029 2781 2174 2809 interdicti

1216 2921 1241 2947 1.
1258 2921 1318 2948 Coti.
1337 2921 1533 2956 prophectum.

1213 2969 1240 2997 2.
1257 2970 1318 2997 Coa.
1336 2973 1442 3004 parcet.
