2392 3571
670 333 720 362 LE
743 332 889 362 LIBER
911 332 1145 363 CENSUUM
1169 333 1223 362 DE
1248 328 1433 363 L'EGLISE
1456 333 1665 363 ROMAINE.
2156 335 2210 366 491

158 398 328 435 personale.
358 398 415 426 Pro
439 407 499 435 qua
526 398 699 427 venditione
725 407 774 427 seu
801 399 989 427 alienatione
1015 403 1040 427 et
1065 403 1129 427 tra-

160 450 276 479 ditione
297 450 477 487 eonfitemur
506 459 560 479 nos
582 452 723 488 recepisse
750 456 775 479 et
798 451 936 480 habuisse
961 460 979 479 a
1006 451 1130 479 domino

160 503 317 532 Benedicto
343 503 463 532 domini
482 512 558 541 pape
582 504 752 532 camerario
771 504 895 532 nomine
915 504 1035 532 domini
1053 511 1130 540 pape

160 559 186 583 et
204 555 334 583 Romane
354 556 470 584 ecclesie
491 556 575 584 nobis
589 556 718 584 solvente
735 556 849 592 viginti
863 565 913 584 sear
928 556 1022 584 libras
1038 556 1129 584 bono-

159 616 230 636 rum
252 608 502 644 proveniensium
521 612 659 642 senatus,
678 608 712 636 de
729 608 838 644 quibus
863 617 914 636 nos
930 608 998 636 bene
1015 609 1130 645 quietos

161 668 316 694 vocamus,
331 661 499 697 eoeeeptioni
512 669 570 688 non
589 664 748 688 numerate
762 660 807 688 vet
824 669 880 689 non
898 661 992 688 solute
1003 661 1130 697 pecunie

160 712 389 746 renuntiando;
401 716 427 740 et
439 713 466 739 si
476 712 613 748 predicta
630 712 786 748 bonaplus
800 713 911 746 valent,
928 717 1020 741 totum
1034 721 1052 741 ct
1062 721 1130 750 pre-

159 764 240 792 senti
263 764 357 792 cidem
385 764 508 792 domino
528 772 606 800 pape
633 768 658 792 et
683 765 813 792 Romane
837 765 954 793 ecclesie
979 765 1130 793 donamus

159 821 250 853 atque
270 816 462 845 concedimus
478 817 552 852 jure
574 816 751 845 donationis
773 817 863 845 libere
886 817 919 845 in
934 822 1128 854 perpetuum.

160 868 220 897 Pro
235 869 344 904 quibus
362 868 504 897 omnibus
521 868 654 905 firmiter
669 873 695 897 et
710 868 841 905 fideliter
855 870 1049 898 observandis
1064 879 1130 898 om-

160 921 215 950 nia
236 922 312 949 bona
336 926 437 949 nostra
458 921 583 950 mobilia
605 926 630 949 et
656 921 826 949 immobilia
842 922 902 958 ipsi
918 922 1041 951 domino
1054 931 1130 960 pape

159 978 186 1002 et
215 974 346 1002 Romane
375 974 493 1002 ecclesie
524 974 709 1010 obliqamus,
740 978 766 1002 et
794 974 895 1002 eadem
921 980 1046 1011 propter
1076 976 1130 1004 hoc

159 1027 334 1064 specialiter
357 1027 497 1063 precario
524 1035 575 1055 nos
599 1027 634 1054 ab
661 1027 703 1055 eis
727 1027 945 1055 constituimus
966 1028 1127 1064 possidere.

159 1079 375 1108 Renuntiando
391 1080 420 1107 in
435 1080 498 1108 hiis
511 1080 651 1108 omnibus
664 1079 843 1116 omnijuris
856 1080 976 1108 auritio
989 1081 1130 1110 canonici

161 1137 187 1161 et
209 1132 325 1167 civilis,
351 1132 566 1161 consuetudini
590 1137 616 1160 et
634 1137 762 1165 statuto,
787 1137 813 1160 et
833 1134 920 1161 omni
942 1134 1057 1162 actioni
1078 1143 1130 1162 ea:-

159 1185 293 1222 ccptioni
319 1189 345 1213 et
370 1185 415 1213 rei
439 1194 494 1221 que
514 1185 630 1222 possint
655 1185 731 1213 obici
755 1190 861 1213 contra
886 1186 1130 1215 instrumentum

159 1238 206 1266 vel
225 1239 353 1273 factum.
376 1238 461 1266 Hauc
483 1243 586 1266 autem
609 1238 816 1266 venditionem
836 1247 887 1267 seu
910 1239 1130 1267 alienationem

159 1295 186 1318 et
202 1290 397 1325 traditionem
413 1291 626 1327 promittimus
640 1299 696 1328 pro
713 1291 796 1319 nobis
812 1295 837 1319 et
852 1291 1009 1320 heredibus
1025 1297 1050 1320 et
1065 1301 1131 1321 suc-

158 1344 324 1372 cessoribus
340 1344 452 1372 nostris
470 1348 537 1372 rata
553 1348 578 1372 et
589 1344 682 1380 firma
697 1353 813 1381 semper
829 1344 934 1372 habere
949 1349 974 1372 et
987 1350 1130 1381 perpetuo

159 1396 387 1424 inviolabiliter
401 1397 556 1425 observare
575 1401 601 1424 et
620 1405 680 1425 non
697 1401 803 1425 contra
821 1397 934 1432 venire,
954 1397 1003 1426 sed
1015 1398 1043 1426 si
1058 1406 1132 1435 opus

160 1453 187 1478 et
214 1458 326 1477 necesse
352 1449 447 1484 suerit
476 1449 609 1486 lessitime
636 1449 792 1484 defendere
817 1450 852 1478 ab
879 1451 964 1478 omni
987 1459 1128 1487 persona.

161 1501 246 1536 Quod
261 1501 438 1538 sipredieta
455 1502 559 1530 omnia
581 1510 598 1529 a
620 1502 714 1536 nobis,
734 1506 766 1530 ut
782 1502 898 1530 dictum
914 1507 964 1538 est,
986 1512 1045 1531 non
1062 1504 1131 1539 sue-

160 1554 227 1582 rint
248 1554 403 1582 observata
424 1554 469 1582 vel
489 1555 619 1591 quolibet
645 1554 729 1583 modo
747 1556 922 1583 venerimus
938 1560 1044 1584 contra
1059 1565 1131 1594 pre-

158 1607 270 1640 missa,
293 1615 402 1643 penam
430 1611 550 1635 centum
579 1607 730 1635 librarum
757 1608 1006 1644 proveniensium
1034 1609 1131 1637 eidem

160 1659 286 1688 domino
306 1669 382 1696 pape
406 1664 430 1688 et
454 1660 586 1688 Romane
608 1660 726 1688 ecclesie
746 1669 798 1688 nos
815 1661 1030 1697 promittimus
1047 1662 1131 1690 solu-

161 1716 255 1747 turos,
275 1716 301 1740 et
314 1721 395 1749 pena
411 1713 510 1740 soluta
527 1712 621 1749 hujus
636 1713 824 1741 venditionis
839 1718 1013 1742 contractus
1029 1715 1062 1743 in
1075 1723 1132 1743 sua

159 1764 386 1793 nichilominus
405 1770 584 1802 Jciermaneat
605 1765 763 1802 firmitate.
790 1766 835 1794 Aa
860 1767 1004 1803 majorem
1028 1772 1131 1796 autem

160 1817 324 1851 cautelam,
344 1817 383 1845 ad
403 1817 454 1845 hec
471 1818 576 1846 omnia
594 1819 623 1845 in
640 1822 820 1855 perpetuum
837 1818 971 1855 firmiter
986 1824 1012 1848 et
1030 1820 1131 1849 invio-

160 1870 297 1899 labiliter
319 1870 520 1905 observandu‚
540 1875 714 1907 prestamus
735 1880 826 1908 super
846 1877 951 1900 saneta
972 1874 1131 1910 evanyelia

159 1923 601 1960 corporaliterjuramentum.
620 1924 726 1952 Actum
745 1925 936 1960 presentibus
954 1926 1075 1954 testibus
1091 1926 1132 1954 ad

159 1976 215 2004 hoc
232 1976 405 2012 specialiter
421 1977 543 2012 royatis,
562 1976 675 2005 scilieet
692 1988 700 2004 .-

199 2029 287 2057 Petro
302 2029 406 2066 priore
422 2028 527 2057 Sancti
543 2029 716 2061 Pancratii,
737 2034 826 2064 teste,·

199 2082 338 2111 Johanne
350 2082 457 2118 judice
472 2082 607 2117 Paliani,
630 2087 714 2117 teste;

198 2135 337 2164 Johanne
355 2135 450 2163 Cardo
468 2135 500 2163 cle
517 2135 657 2170 Paliano⁷
677 2140 762 2171 teste;

202 2187 314 2216 Thomu
334 2188 367 2215 de
388 2188 467 2216 Valle
483 2188 630 2222 Montone‚
650 2192 737 2223 teste,-

200 2240 288 2268 Petro
308 2241 418 2274 Vetulo,
439 2244 525 2275 teste;

197 2293 304 2321 Jacobo
321 2292 354 2321 de
371 2292 514 2327 GaHerio,
531 2297 609 2321 teste.

199 2345 236 2374 Et
262 2354 312 2381 eqo
341 2345 507 2374 Riccartlus
533 2345 708 2382 imperialis
736 2347 805 2374 aule
837 2347 1026 2376 scriniarius
1054 2349 1133 2378 hanc

159 2403 278 2427 cartam
298 2398 410 2435 scripsi
422 2403 448 2426 et
464 2399 611 2435 complevi
627 2403 759 2435 reflatus.

121 2542 352 2573 CCXXVIIII.
376 2559 414 2564 —-
437 2543 588 2573 CARTULA
608 2552 812 2574 VENmTtole
834 2544 956 2574 Rsoms
976 2553 1015 2573 DE
1034 2544 1133 2574 Fffls-

160 2604 263 2625 nmmo
276 2605 314 2624 ET
325 2595 527 2625 CONSTANTIE
539 2604 652 2625 uxonts
665 2604 722 2626 sua
735 2605 773 2626 DE
785 2604 875 2626 Boms
886 2605 992 2627 EORUM
1002 2606 1099 2627 FACTE
1110 2598 1130 2626 ¹.

199 2687 238 2715 In
253 2688 375 2715 nomine
390 2688 525 2722 Domini,
544 2697 644 2716 amen.
667 2689 756 2718 Anno
775 2689 1003 2718 incarnationis
1019 2690 1135 2719 Christi

157 2837 184 2864 1.
201 2837 236 2864 25
257 2837 362 2863 fevi-ier
377 2837 455 2864 1233.
471 2852 507 2857 —
522 2837 583 2864 Rao
601 2838 740 2864 Frasnelli
756 2842 784 2865 et
804 2847 835 2865 sa
851 2839 956 2866 femme
972 2839 1134 2867 Constance

119 2884 226 2911 cedent
241 2893 276 2911 au
295 2893 367 2920 pape
383 2885 525 2920 Gre‘goire
541 2885 602 2920 IX,
623 2889 790 2921 repre'sentiz
808 2895 861 2922 par
880 2887 979 2914 maitre
998 2888 1133 2915 Roffredo

119 2930 241 2965 Uberti‚
264 2933 342 2959 leurs
363 2933 455 2959 droits
478 2941 529 2960 suu·
551 2933 670 2960 Paliano
686 2938 714 2961 et
733 2934 866 2966 Sei-rone,
887 2940 1062 2970 moyennant
1076 2944 1133 2962 une

119 2987 234 3006 somme
250 2980 284 3006 <to
302 2980 335 3007 40
352 2981 451 3016 kivres,
469 2984 483 3008 ὁ
499 2990 555 3009 eux
572 2985 672 3009 vet-see
688 2991 740 3018 par
754 2983 780 3009 le
792 2984 931 3010 camerier
945 2983 1058 3011 Benoit.

1251 400 1414 427 millesimo
1436 399 1638 429 ducentesimo
1659 402 1810 430 tricesimo
1829 402 1931 435 tertio,
1952 402 2147 439 pontificatus
2162 403 2215 431 do-

1250 452 1332 479 mini
1356 452 1491 488 Greyorii
1513 461 1587 489 pape
1608 454 1681 481 noni
1707 462 1789 481 (inno
1814 458 1905 488 sescto,
1930 463 2028 482 mense
2049 455 2212 490 februarii,

1249 503 1297 531 die
1315 504 1393 538 XXV,
1418 504 1582 532 indictione
1598 509 1690 532 serta.
1711 506 1766 533 Nos
1789 506 1847 533 Itao
1868 505 1987 533 domini
2009 506 2160 535 Frasnetti
2181 506 2215 535 de

1249 555 1379 583 Paliano
1393 560 1418 583 et
1437 556 1613 584 Constantia
1630 557 1750 591 mulier,
1780 558 1828 585 vir
1848 562 1872 584 et
1897 566 1983 591 ustor,
2002 558 2058 586 ltuc
2079 558 2126 586 die
2144 567 2215 594 prc-

1249 608 1326 636 senti
1340 609 1466 644 propria
1486 613 1511 636 et
1529 614 1692 645 spontanea
1713 610 1864 638 voluntate
1882 611 2040 638 retulimus
2053 615 2078 638 et
2098 611 2214 639 irrevo-

1249 659 1389 687 cabiliter
1405 660 1558 688 tradimus
1573 661 1627 688 tibi
1644 662 1788 696 mayistro
1805 662 1932 696 Itosl‘rido
1951 663 2049 691 Uberti
2065 663 2098 690 de
2111 664 2215 699 Anaq-

1250 711 1305 739 nia
1329 712 1542 747 procuratorio
1568 713 1688 740 nornine
1710 722 1766 749 pro
1790 713 1911 741 domino
1933 723 2011 751 papa
2032 719 2058 742 et
2079 715 2215 743 Romana

1250 763 1373 792 ecclesia
1393 767 1419 791 et
1441 763 1480 791 ad
1505 772 1579 800 opus
1605 769 1630 791 et
1655 766 1818 793 utilitatem
1848 766 1980 802 ipsorum
2002 767 2159 804 recipienti
2182 768 2214 795 in

1247 820 1442 853 perpetuum,
1465 816 1599 844 videlicet
1617 821 1705 844 totam
1726 822 1751 845 et
1769 818 1916 853 integsram
1940 824 2055 855 partem
2077 824 2211 847 nostram

1250 875 1333 895 rocce
1346 871 1371 894 et
1385 867 1479 895 castri
1492 867 1615 895 l'aliani
1628 873 1653 895 et
1671 877 1750 896 roci-e
1767 877 1802 897 ac
1815 870 1907 896 castri
1919 871 2069 904 Scrronts,
2085 879 2153 899 cum
2167 871 2215 899 do-

1251 919 1351 946 mibus
1365 923 1390 946 et
1409 919 1556 947 casalinis
1571 919 1657 954 infra
1674 920 1787 947 easdem
1807 929 1905 948 roccas
1925 922 2006 949 nobis
2022 924 2215 959 competenti-

1251 972 1303 1000 bus
1318 976 1344 1000 et
1362 980 1429 999 cum
1449 972 1617 1008 omnijure
1629 973 1847 1008 jurisdictione
1865 974 2001 1003 dominio
2023 980 2047 1003 et
2064 976 2174 1003 honore
2190 981 2215 1004 et

1251 1025 1368 1053 actione
1384 1029 1409 1052 et
1428 1029 1486 1052 tam
1506 1025 1539 1052 in
1559 1025 1697 1053 vassallis
1709 1034 1798 1061 quam
1819 1026 1848 1053 iu
1865 1027 1964 1061 terris,
1980 1027 2085 1062 cineis,
2104 1029 2212 1064 pratis,

1251 1078 1348 1111 silvis,
1379 1078 1542 1110 montibus,
1569 1078 1703 1110 collibus,
1729 1079 1883 1114 planitiis,
1912 1081 2045 1115 pascuis,
2074 1081 2163 1116 aquis
2189 1086 2216 1108 et

1252 1131 1491 1159 comunitatibus
1508 1131 1675 1164 universis,
1694 1131 1772 1158 sicut
1790 1132 1871 1158 nobis
1887 1136 1911 1159 et
1931 1132 2089 1159 heredibus
2105 1134 2216 1162 nostris

1252 1188 1424 1220 competunt
1438 1192 1493 1220 pro
1510 1183 1607 1211 diviso
1624 1184 1668 1211 vel
1686 1184 1819 1211 indiviso
1835 1185 1864 1211 in
1883 1184 2028 1220 predictis
2042 1186 2149 1213 castris
2167 1186 2217 1213 in-

1255 1242 1302 1266 tus
1317 1242 1343 1265 et
1363 1242 1448 1265 extra
1469 1242 1494 1265 et
1516 1246 1570 1273 per
1589 1241 1681 1264 totum
1706 1237 1877 1264 eorumdem
1902 1242 2072 1264 castrorum.
2096 1239 2218 1265 territo-

1251 1291 1335 1318 rium
1356 1294 1382 1317 et
1398 1289 1585 1324 districtum,
1606 1293 1631 1317 et
1648 1289 1794 1325 quicquid
1812 1298 1864 1317 nos
1882 1290 1924 1317 rel
1941 1290 2004 1317 alia
2019 1298 2146 1325 persona
2163 1299 2219 1326 pro

1252 1343 1339 1372 uobis
1360 1343 1394 1371 tle
1408 1342 1552 1379 predictis
1568 1343 1708 1370 omnibus
1722 1341 1919 1378 possidemus,
1942 1347 2034 1370 totum
2053 1352 2068 1369 u
2087 1343 2219 1378 presenti.

1253 1396 1471 1425 constituimus
1494 1404 1547 1423 nos
1572 1395 1694 1423 nomine
1715 1395 1844 1422 Romane
1864 1395 1981 1423 ecclesie
2000 1395 2170 1431 possidere:
2193 1400 2218 1423 et

1252 1449 1362 1477 damus
1380 1453 1469 1484 atque
1485 1448 1676 1476 concedimus
1697 1448 1758 1484 ipso
1778 1447 1902 1475 domino
1923 1455 1998 1484 pape
2013 1449 2134 1483 suisque
2150 1455 2220 1476 suc-

1253 1500 1416 1529 cessoribus
1433 1500 1557 1528 liberam
1575 1504 1748 1536 potestatem
1775 1499 1919 1527 intrandi
1936 1504 1960 1527 et
1981 1500 2151 1536 accipiendi
2165 1508 2220 1536 per

1252 1563 1281 1582 se
1299 1554 1345 1582 vel
1356 1562 1412 1590 per
1424 1557 1655 1589 procuratorem
1671 1561 1759 1580 suum
1778 1552 1958 1580 auctoritate
1971 1553 2097 1589 propria
2109 1561 2219 1589 posses-

1252 1607 1365 1635 sionem
1381 1607 1519 1634 omnium
1533 1606 1752 1642 predictorum,
1769 1611 1793 1633 et
1808 1605 1939 1633 habendi
1953 1606 2074 1633 tenendi
2086 1610 2110 1633 et
2122 1606 2219 1642 possi-

1253 1659 1344 1688 dendi
1355 1659 1394 1687 ad
1408 1668 1481 1696 opus
1498 1663 1523 1687 ct
1539 1659 1704 1686 utilitatem
1724 1659 1853 1686 Romane
1868 1659 1984 1686 ecclesie
1998 1659 2027 1685 in
2039 1663 2216 1695 petpvtuum

1253 1713 1358 1741 omnia
1379 1711 1566 1749 supradicta,
1593 1711 1676 1739 salvo
1697 1720 1753 1748 per
1775 1711 1879 1739 omnia
1905 1711 1987 1738 notris
2013 1715 2037 1738 et
2062 1711 2219 1739 ltereclilnts

1254 1766 1366 1794 nostris
1380 1769 1522 1802 perpetuo
1540 1764 1619 1801 quod
1634 1765 1796 1792 universas
1810 1764 2003 1800 possessiones
2016 1768 2041 1791 et
2058 1764 2132 1791 bona
2151 1772 2220 1791 nos-

1255 1823 1301 1847 tra
1322 1817 1491 1846 immobilia
1511 1821 1596 1845 extra
1618 1817 1806 1844 munitiones
1821 1816 2027 1852 predictorum
2048 1820 2219 1843 castrorum

1250 1872 1364 1909 positas
1388 1875 1413 1899 et
1440 1870 1576 1898 redditus
1597 1870 1796 1897 vassallorum
1823 1873 1995 1896 nostrorum
2022 1878 2094 1904 quos
2116 1873 2141 1896 et
2164 1877 2220 1904 que

1252 1924 1346 1960 hujus
1361 1923 1560 1951 alienationis
1578 1927 1707 1958 tempore
1724 1922 1756 1949 in
1771 1922 1878 1949 castris
1891 1921 2054 1949 habuimus
2071 1930 2220 1948 memora-

1255 1977 1293 2005 tis
1307 1977 1343 2004 ab
1362 1977 1423 2013 ipso
1438 1975 1560 2003 domino
1575 1983 1654 2011 papa
1672 1978 1698 2002 et
1714 1975 1848 2002 Romana
1868 1973 1987 2001 ecclesia
2002 1974 2033 2000 in
2049 1973 2173 2008 seudum
2187 1973 2220 2001 de

1254 2034 1348 2058 cetero
1365 2033 1530 2061 teneamus,
1548 2032 1573 2055 et
1590 2027 1698 2055 etrinde
1715 2027 1811 2063 ipsius
1823 2026 1942 2054 domini
1956 2034 2032 2062 pape
2045 2030 2071 2053 et
2090 2026 2221 2053 Romane

1254 2081 1370 2110 ecclesie
1396 2080 1521 2109 vassalli
1543 2080 1641 2108 simus
1659 2083 1801 2115 perpetuo
1821 2083 1846 2106 et
1861 2078 1971 2114 fideles,
1996 2083 2021 2106 et
2038 2079 2079 2105 eis
2098 2082 2222 2115 propter

1254 2134 1306 2162 hoc
1324 2132 1495 2169 specialiter
1508 2136 1675 2168 prestemus
1698 2131 1874 2167 homagium
1894 2130 2061 2167 personale.
2086 2130 2141 2157 l'ro
2161 2138 2220 2165 qua

1254 2185 1428 2215 venditione
1452 2193 1502 2212 seu
1525 2184 1712 2212 alienatione
1732 2187 1758 2211 et
1780 2183 1945 2211 traditione
1968 2182 2147 2218 eonfitemur
2171 2190 2224 2209 nos

1254 2238 1396 2275 recepisse
1411 2242 1436 2265 et
1452 2236 1593 2264 habuisse
1605 2245 1623 2263 a
1639 2236 1705 2264 dom
1713 2236 1762 2263 ino
1777 2235 1932 2263 Benedicto
1951 2235 2069 2262 domini
2081 2243 2156 2270 pape
2171 2244 2222 2262 ca-

1254 2291 1389 2319 merario
1412 2290 1535 2318 nomine
1560 2289 1656 2325 ipsius
1677 2288 1798 2316 domini
1817 2296 1893 2324 pape
1914 2292 1939 2315 et
1956 2287 2073 2315 ecclesie
2095 2287 2223 2314 Romane

1254 2344 1385 2372 solvente
1403 2341 1613 2383 quadrayinta
1636 2341 1730 2368 libras
1750 2341 1894 2368 bonorum
1910 2339 2159 2376 proveniensium
2177 2347 2224 2367 se-

1255 2401 1358 2430 natus,
1385 2395 1419 2423 de
1441 2394 1550 2431 quibus
1573 2395 1642 2422 bene
1662 2402 1716 2421 nos
1739 2394 1854 2429 quietos
1882 2401 2030 2427 coeamus,
2056 2392 2224 2429 czeeptioni

1255 2457 1316 2477 non
1333 2452 1493 2476 ‘ttumerate
1514 2447 1559 2474 ¹vel
1575 2455 1636 2474 'non
1653 2439 1747 2474 solute
1760 2446 1888 2483 pecunie
1910 2445 2139 2479 renuntiando,·
2157 2449 2181 2472 et
2197 2445 2223 2472 si

1253 2501 1390 2540 predicta
1405 2501 1478 2529 bona
1491 2500 1560 2536 plus
1575 2500 1684 2533 valent,
1706 2504 1798 2527 totum
1814 2508 1831 2527 a
1845 2499 1978 2535 presenti
1992 2499 2085 2526 eidem
2099 2498 2223 2526 domino

1253 2564 1329 2592 pape
1341 2558 1367 2582 et
1383 2554 1513 2582 Romane
1530 2553 1646 2580 ecclesie
1657 2552 1807 2580 donamus
1823 2552 1912 2580 libere
1928 2556 2016 2587 atque
2031 2550 2224 2579 concedimus

1255 2608 1290 2636 in
1304 2611 1495 2644 perpetuum.
1511 2606 1567 2633 Pro
1581 2605 1690 2641 quibus
1701 2605 1842 2632 omnibus
1854 2604 1987 2640 firmiter
1997 2603 2162 2638 etfidelitcr
2173 2604 2223 2631 ob-

1256 2660 1416 2689 servandis
1431 2658 1536 2687 omnia
1553 2659 1629 2686 bona
1643 2662 1744 2685 nostra
1763 2657 1885 2685 mobilia
1902 2661 1928 2684 et
1945 2656 2114 2684 immobilia
2126 2656 2223 2684 eidem

1256 2714 1380 2743 domino
1401 2721 1476 2749 pape
1497 2711 1619 2747 suisque
1641 2710 1857 2738 successoribus
1875 2710 2044 2745 obliyamus
2070 2714 2095 2737 et
2120 2709 2223 2737 eadem

1254 2771 1378 2805 propter
1398 2765 1450 2793 hoc
1472 2764 1646 2801 specialiter
1662 2772 1714 2791 nos
1734 2763 1769 2791 ab
1791 2763 1834 2790 eis
1850 2763 1991 2799 precario
2007 2762 2223 2790 constituimus

1252 2819 1414 2858 possidere.
1432 2816 1647 2846 Renuntiando
1664 2816 1695 2844 in
1713 2816 1774 2843 ltiis
1785 2816 1926 2844 omnibus
1936 2815 2117 2851 omnijuris
2129 2815 2224 2843 auri-

1257 2873 1298 2902 lio
1320 2871 1461 2901 canonici
1484 2874 1509 2898 et
1532 2869 1652 2905 civilis,
1677 2868 1893 2897 consuetudini
1911 2873 1936 2896 et
1952 2872 2074 2896 statuto.
2097 2873 2122 2895 et
2139 2868 2224 2896 omni

1256 2926 1372 2955 actioni
1387 2923 1554 2960 exceptioni
1569 2927 1594 2950 et
1612 2922 1658 2950 rei
1682 2930 1738 2958 que
1751 2925 1870 2958 possent
1889 2921 1964 2949 obici
1983 2925 2087 2949 contra
2106 2921 2224 2948 instru-

1255 2983 1391 3008 mentum
1414 2977 1458 3005 vel
1473 2977 1599 3012 sactum.
1626 2975 1710 3003 Hanc
1731 2979 1830 3002 autem
1855 2974 2056 3002 venditionem
2075 2982 2124 3001 seu
2146 2974 2224 3002 alie-
