2392 3571
682 334 731 363 1213
756 333 900 363 LIBER
922 332 1156 363 CENSUUM
1179 331 1234 362 DE
1257 322 1441 361 L'FiGLISE
1464 331 1672 362 ROMAINE.
2158 331 2210 360 571

171 401 379 428 incarnationis
395 401 546 428 millesimo
562 399 763 427 ducentesimo
779 399 925 426 tricesimo
937 403 1029 429 sexto,
1045 398 1140 433 ponti-

171 450 276 477 ficatus
287 450 394 476 domini
407 449 539 483 Gregorii
552 456 623 484 pape
635 447 701 474 noni
713 456 787 474 anno
798 447 1046 480 non0‚indictione
1055 455 1138 479 nona,

172 506 272 525 mense
288 499 431 524 februario
447 498 492 524 die
506 497 637 532 septima.
655 496 715 523 Hac
730 496 846 531 quidem
861 496 906 522 die
922 496 1016 522 Guido
1031 495 1141 521 ‹Iohan-

172 546 217 573 nis
236 546 356 573 Rolandi
373 547 445 572 civis
469 546 615 580 Anagnie‚
633 545 686 571 hac
702 545 747 571 die
764 545 900 579 presenti,
917 552 969 570 sua
984 544 1097 578 propria
1113 547 1141 570 et

171 599 331 629 spontanea
351 595 497 621 voluntate
518 593 645 620 vendidit
665 597 694 619 et
715 593 937 619 irrevocabiliter
955 592 1070 618 tradidit
1088 592 1140 617 do-

173 644 251 669 mino
280 643 359 669 fratri
389 642 498 668 'I'home
527 642 635 668 domini
661 650 732 676 pape
761 642 917 667 camerario
945 641 1140 675 procuratorio

174 692 290 718 nominc
306 700 356 726 pro
376 691 491 716 domino
505 690 645 724 Gregorio
661 698 732 724 papa
747 693 775 715 et
793 690 853 715 suis
869 689 1090 715 successoribus
1106 688 1140 714 ad

172 748 248 774 opus
264 743 292 765 et
305 739 454 765 utilitatem
469 738 599 764 Romane
614 737 736 764 ecclesie
754 737 900 771 recipienti
915 737 941 762 in
961 741 1139 771 perpetuum,

173 788 308 814 videlicet
330 788 426 813 omnia
447 791 475 812 et
493 786 608 820 singula
629 794 684 820 que
708 786 792 811 habet
816 786 842 811 in
867 786 961 811 roccis
986 790 1014 811 et
1038 785 1142 810 castris

173 835 282 862 Paliani
306 840 334 862 et
355 835 504 867 Serronis,
527 842 592 860 cum
610 834 743 860 domibus
759 839 786 860 et
808 834 941 860 casalinis
958 834 1028 859 infra
1043 840 1142 860 roccas

172 889 202 912 et
216 890 309 911 castra
322 884 420 910 eadem
437 884 470 909 ad
490 884 582 918 ipsum
597 888 624 908 et
637 883 700 909 suis
715 883 869 909 heredibus
882 886 908 908 et
921 882 1142 908 successoribus

173 933 402 969 pertinentibus,
427 937 455 958 et
477 940 543 958 cum
567 932 643 957 omni
661 933 745 965 jure,
759 931 980 965 jurisdictione,
998 931 1140 964 districtu,

173 982 301 1008 dominio
317 985 345 1008 et
362 983 480 1013 bonore,
491 984 519 1006 et
532 984 588 1007 tam
601 980 627 1006 in
642 981 773 1006 vassallis
784 988 868 1013 quam
887 980 913 1005 in
932 981 1025 1013 terris,
1039 979 1140 1010 vineis,

175 1032 280 1066 pratis,
300 1031 461 1064 montibus,
478 1030 616 1060 collibus,
636 1030 779 1064 planiciis,
799 1030 929 1062 pascuis,
946 1029 1042 1061 silvis,
1059 1029 1142 1063 aquis

172 1084 202 1107 et
222 1080 480 1107 communitatibus
502 1078 664 1109 universis,
686 1079 762 1104 sicut
784 1078 839 1112 ipsi
861 1077 985 1104 Gnidoni
1009 1082 1036 1104 et
1059 1078 1142 1103 here-

174 1129 261 1155 dibus
277 1137 327 1154 seu
347 1128 572 1154 successoribus
593 1127 655 1153 suis
675 1130 842 1161 competunt
864 1127 906 1152 vel
926 1127 1070 1161 pertinent
1093 1135 1142 1160 pro

174 1177 269 1204 diviso
289 1178 332 1203 vel
349 1177 490 1208 indiviso,
509 1176 592 1202 tacite
609 1176 651 1202 vel
673 1184 825 1210 expresse,
844 1176 869 1201 in
889 1175 1024 1209 predictis
1040 1175 1143 1202 castris

174 1227 254 1253 intus
265 1230 293 1252 et
304 1230 383 1252 extra
400 1230 427 1252 et
444 1234 493 1260 per
505 1229 596 1251 totum
613 1225 778 1251 eorumdem
791 1228 950 1250 castrorum
968 1225 1143 1250 territorium

175 1276 220 1301 vel
237 1276 410 1301 districtum.
427 1274 462 1300 Et
473 1274 608 1309 quicquid
627 1275 688 1308 ipse
704 1274 747 1299 vel
761 1274 814 1299 alia
829 1282 950 1308 persona
966 1281 1015 1307 pro
1032 1273 1094 1307 ipso
1109 1272 1144 1299 de

175 1323 314 1359 predictis
332 1324 468 1349 omnibus
485 1322 626 1357 possidet,
643 1332 658 1348 a
673 1323 797 1357 presenti
815 1323 927 1347 nomine
950 1322 1055 1348 domini
1074 1331 1144 1357 pape

174 1376 205 1399 et
220 1373 344 1398 ecclesie
361 1371 490 1398 Romane
507 1380 538 1397 se
553 1371 700 1406 possidere
717 1370 900 1404 co[n1stituit.
917 1370 952 1396 Et
967 1370 1044 1396 dedit
1059 1376 1144 1405 atque

174 1422 322 1448 concessit
335 1421 389 1455 ipsi
406 1421 521 1446 domino
533 1421 690 1446 camerario
703 1428 752 1454 pro
766 1420 880 1445 domino
895 1428 965 1454 papa
981 1424 1008 1446 et
1023 1420 1146 1446 ecclesia

176 1469 308 1496 Romana
323 1470 439 1496 liberam
454 1473 624 1504 potestatem
638 1469 760 1495 intrandi
777 1473 804 1494 et
819 1469 977 1502 accipiendi
991 1476 1040 1503 per
1055 1477 1086 1495 se
1102 1469 1145 1494 vel

175 1526 261 1544 suum
287 1521 500 1552 procuratorem
519 1519 689 1544 auctoritate
713 1518 824 1551 propria
845 1517 1059 1551 possessionem
1082 1526 1146 1543 om-

176 1567 256 1593 nium
274 1566 479 1601 predictorum,
492 1570 519 1592 et
534 1566 666 1596 habendi,
681 1566 806 1597 tenendi,
824 1566 946 1598 intendi,
965 1566 1145 1600 permutandi

176 1619 206 1642 et
222 1615 389 1650 possidendi
406 1614 438 1640 ad
456 1623 529 1648 opus
542 1619 569 1640 et
586 1615 736 1640 utilitatem
754 1614 882 1640 Romane
898 1615 1020 1640 ecclesie
1037 1616 1062 1640 in
1081 1624 1146 1649 per-

180 1668 299 1700 petuum
313 1664 408 1690 omnia
424 1664 596 1698 supradicta.
613 1663 731 1689 Necnon
748 1665 837 1690 cessit
851 1668 879 1690 et
895 1664 1038 1690 mandavit
1053 1664 1144 1690 eidem

179 1713 296 1740 domino
321 1714 477 1739 camerario
504 1721 553 1747 pro
578 1712 694 1738 domino
722 1721 792 1747 papa
817 1717 844 1738 et
872 1712 992 1739 ecclesia
1019 1712 1147 1739 Romana

177 1770 280 1788 omnes
291 1763 420 1788 actiones
432 1763 523 1788 reales
537 1766 565 1788 et
577 1762 751 1796 personales,
764 1762 849 1787 utiles
860 1766 887 1788 et
898 1762 1032 1793 directas,
1046 1763 1147 1789 tacitas

178 1814 208 1837 et
223 1818 388 1845 expressas,
402 1811 551 1844 generales
567 1815 595 1837 et
611 1811 763 1844 speciales,
776 1811 866 1837 eidem
885 1810 1009 1837 Guidoni
1026 1812 1068 1837 vel
1085 1811 1147 1838 suis

178 1860 335 1886 heredibus
350 1864 378 1885 et
393 1860 617 1886 successoribus
633 1860 726 1893 aliquo
746 1864 873 1894 tempore
891 1864 1087 1894 competentes
1104 1861 1147 1886 vel

177 1909 401 1943 competituras;
421 1909 499 1935 salvo
517 1918 566 1943 per
579 1909 674 1935 onmia
690 1909 888 1943 prenominato
904 1908 1028 1934 Guidoni
1043 1913 1070 1935 et
1085 1909 1148 1935 suis

177 1958 335 1985 heredibus
351 1962 379 1984 et
401 1958 624 1984 successoribus
646 1962 797 1992 perpetuo,
820 1958 896 1992 quod
915 1959 1063 1984 universas
1080 1967 1148 1992 pos-

178 2008 329 2035 sessiones
345 2010 372 2033 et
388 2008 483 2033 onmia
498 2007 654 2033 immobilia
667 2011 745 2033 exn-a
760 2007 939 2033 municiones
956 2007 1147 2041 predictorum

178 2060 341 2083 castrorum
360 2057 462 2090 posita,
478 2056 680 2090 possessiones
691 2060 718 2081 et
735 2055 862 2081 redditus
875 2056 1060 2082 vassallorum
1077 2064 1148 2082 suo-

179 2113 259 2138 rum,
287 2113 360 2138 quos
385 2109 412 2131 et
440 2113 495 2139 que
521 2105 608 2138 liujus
633 2104 813 2130 alienationis
838 2108 965 2138 tempore
991 2105 1018 2131 in
1046 2106 1149 2131 castris

180 2154 320 2180 habuerat
336 2153 502 2179 memoratis
513 2174 519 2185 ‚
537 2161 553 2178 a
568 2152 684 2178 domino
700 2161 771 2186 papa
787 2156 814 2178 et
830 2153 953 2178 ecclesia
974 2152 1102 2179 Romana
1120 2153 1147 2179 in

180 2202 298 2229 feudum
320 2201 354 2227 de
379 2206 474 2228 cetero
491 2204 620 2230 teneant,
639 2205 667 2226 et
683 2200 785 2226 exinde
806 2201 898 2235 ipsius
913 2201 1020 2227 domini
1038 2210 1107 2236 pape
1123 2206 1151 2228 et

182 2249 314 2277 Romane
339 2250 461 2276 ecclesie
485 2249 599 2275 vassalli
624 2250 682 2275 sint
706 2253 843 2283 perpetuo
865 2253 893 2275 et
916 2250 1029 2283 fideles,
1054 2254 1082 2276 et
1107 2251 1151 2277 eis

181 2303 299 2334 propter
318 2299 372 2325 hoc
393 2299 556 2333 specialiter
579 2301 708 2333 prestent
726 2298 890 2332 homagium
913 2299 1072 2332 personale.
1097 2299 1151 2326 Pro

181 2356 238 2383 qua
250 2347 419 2374 vendicione
436 2350 464 2372 et
479 2346 637 2373 tradicione
654 2347 760 2381 recepit
775 2350 803 2372 et
818 2347 916 2373 habuit
929 2346 1023 2373 Guido
1039 2348 1152 2382 predic-

181 2400 229 2424 tus
246 2405 262 2423 a
277 2396 392 2422 domino
409 2396 567 2422 camerario
585 2396 722 2430 superius
739 2400 895 2421 memorato
912 2397 1025 2422 nomine
1044 2396 1152 2423 domini

181 2454 256 2481 pape
278 2450 307 2471 et
329 2445 452 2471 ecclesie
477 2445 606 2471 Romane
630 2445 759 2470 solvente
780 2448 894 2470 centum
917 2448 945 2470 et
964 2445 1152 2479 quadraginta

180 2494 323 2521 bonorum
349 2498 377 2520 et
402 2493 536 2527 legalium
563 2493 794 2527 proveniensium
820 2496 950 2519 senatus.
978 2492 1020 2519 De
1046 2494 1153 2528 quibus

182 2543 256 2570 bene
274 2551 305 2568 se
325 2543 454 2576 quietum
471 2546 496 2568 et
516 2546 647 2576 pacatum
665 2542 792 2572 vocavit,
810 2542 971 2575 exceptioni
989 2550 1042 2568 non
1059 2543 1153 2568 solute

180 2595 212 2619 et
233 2600 290 2618 non
315 2594 462 2617 numerate
482 2590 538 2616 sibi
563 2590 685 2624 pecunie
701 2589 902 2617 renuntiando.
927 2589 961 2616 Et
983 2590 1006 2616 si
1028 2591 1154 2625 predicta

182 2641 248 2676 plus
269 2640 363 2666 valent
383 2639 480 2674 precio
500 2638 677 2673 supradicto,
696 2642 787 2664 totum
809 2647 825 2664 a
846 2639 972 2672 presenti
993 2639 1084 2665 eidem
1101 2639 1154 2665 do-

182 2691 262 2717 mino
277 2698 348 2724 pape
369 2689 403 2715 ad
427 2697 501 2723 opus
523 2692 551 2714 et
574 2687 722 2714 utilitatem
744 2687 874 2714 Romane
890 2688 1011 2714 ecclesie
1030 2688 1107 2714 dedit
1127 2692 1155 2715 et

181 2739 330 2766 concessit
346 2738 434 2764 libere
450 2739 477 2764 in
499 2741 683 2771 perpetuum.
706 2736 761 2763 Pro
782 2737 888 2770 quibus
904 2737 1039 2762 omnibus
1055 2737 1155 2764 obser-

182 2787 285 2814 vandis
311 2787 430 2812 firmiter
454 2790 483 2812 et
506 2786 631 2820 plenarie
654 2785 859 2819 adimplendis,
886 2786 981 2811 onmia
1006 2785 1077 2811 bona
1101 2794 1155 2812 sua

183 2835 300 2862 mobilia
311 2839 338 2861 et
352 2834 516 2865 immobilia,
532 2834 676 2868 presentia
687 2837 715 2859 et
729 2834 835 2867 sutura,
848 2833 940 2859 eidem
952 2833 1069 2860 domino
1083 2842 1154 2868 pape

182 2888 212 2911 et
229 2884 358 2911 Romane
373 2883 495 2910 ecclesie
511 2883 662 2916 obligavit,
680 2886 707 2908 et
724 2882 822 2908 eadem
840 2886 956 2916 propter
974 2882 1026 2908 boc
1042 2883 1155 2916 specia-

182 2933 250 2959 liter
269 2934 396 2967 ipsorum
419 2932 533 2957 nomine
556 2939 588 2957 se
605 2931 757 2957 constituit
774 2932 902 2966 precario
922 2930 1079 2965 possidere.
1098 2930 1154 2957 Re-

183 2982 349 3008 nunciamlo
361 2982 387 3007 in
406 2981 441 3006 iis
454 2980 590 3006 omnibus
604 2988 654 3014 pro
668 2987 700 3006 se
716 2984 743 3006 et
756 2981 819 3006 suis
833 2979 987 3006 heredibus
997 2983 1025 3005 et
1036 2987 1156 3006 succes-

1257 398 1371 423 soribus
1395 398 1469 423 omni
1487 399 1562 431 juris
1582 398 1687 424 auxilio
1703 399 1831 425 canonici
1847 401 1876 425 et
1891 398 1997 431 civilis,
2014 397 2215 424 consuetudini

1257 449 1283 472 et
1306 448 1427 477 statuto,
1452 450 1479 471 et
1500 447 1576 472 omni
1598 446 1776 481 exceptioni,
1799 448 1918 480 actioni,
1940 447 2099 472 delencioni
2121 454 2153 472 ac
2175 445 2216 472 rei

1256 502 1312 528 que
1336 498 1434 519 contra
1459 495 1512 520 hoc
1537 500 1655 528 possent
1680 495 1754 521 obici
1782 495 2002 522 instrumentum
2034 496 2074 521 vel
2098 495 2215 522 sactum.

1257 541 1337 568 Hanc
1353 546 1447 567 autem
1466 542 1667 575 venditionem,
1682 543 1867 569 tradicionem
1893 548 1921 569 et
1943 543 2037 569 omnia
2053 543 2216 577 supradicta

1257 591 1341 617 tactis
1355 592 1547 617 sacrosanctis
1562 592 1717 625 evangeliis
1729 593 1837 625 juravit
1851 596 1879 617 et
1896 591 2027 626 promisit
2042 591 2134 617 Guido
2151 599 2216 625 pre-

1258 639 1353 665 dictus
1369 643 1426 664 rata
1443 643 1469 664 et
1483 639 1562 664 firma
1578 648 1690 673 semper
1705 640 1816 670 babere,
1833 644 1861 665 et
1872 644 1969 667 contra
1986 648 2040 665 non
2055 640 2150 665 venire
2165 640 2216 666 im-

1259 691 1427 721 perpetuum
1444 696 1492 721 per
1509 695 1539 713 se
1562 696 1688 721 suosque
1706 688 1825 713 liei-edes
1841 688 1883 713 vel
1900 695 2086 713 successores
2106 687 2148 713 vel
2168 695 2219 721 per

1259 735 1381 769 aliquam
1407 736 1441 760 ab
1467 735 1507 760 eis
1533 736 1706 761 submissam
1736 736 1778 761 vel
1803 736 2025 762 submittendam
2051 743 2215 770 personam,

1259 784 1342 809 modo
1358 783 1468 817 aliquo,
1487 783 1582 809 stando
1604 784 1645 809 vel
1668 784 1796 817 ingenio,
1815 793 1863 809 seu
1884 789 2011 818 pretextu
2029 784 2150 817 alicujus
2164 791 2218 809 ex-

1260 833 1402 866 ceptionis
1421 832 1631 866 competenti[sj
1650 832 1702 858 sibi
1726 842 1800 858 nunc
1817 833 1857 857 vel
1875 834 2060 866 imposterum
2077 832 2218 866 competi-

1260 885 1333 912 ture,
1346 885 1373 906 et
1390 880 1463 914 quod
1477 880 1602 914 predicta
1616 881 1708 906 omnia
1721 881 1804 906 alicui
1824 890 1876 906 non
1894 881 2021 906 vendidit
2040 890 2090 906 nec
2105 880 2219 906 donavit

1260 930 1302 955 vel
1322 929 1534 963 impignoravit,
1549 937 1601 954 nec
1616 929 1703 954 cessit
1720 930 1761 954 vel
1778 930 1932 958 concessit,
1949 938 1999 955 nec
2015 930 2136 963 aliquem
2155 929 2220 955 inde

1260 977 1343 1004 alicui
1360 982 1536 1003 contractum
1553 977 1627 1005 fecit,
1646 978 1686 1002 vel
1701 978 1726 1003 in
1741 978 1824 1003 alium
1841 978 1986 1003 transtulit
2001 978 2081 1004 titulo
2097 978 2220 1010 alicujus

1260 1026 1456 1053 alienationis:
1474 1025 1523 1051 sed
1540 1026 1563 1051 si
1581 1034 1654 1059 opus
1669 1030 1696 1051 et
1714 1034 1831 1051 necesse
1844 1026 1938 1059 luerit,
1951 1026 2077 1059 legitime
2091 1025 2222 1059 promisit

1262 1083 1311 1108 per
1328 1075 1524 1108 juramentum
1547 1075 1640 1099 onmia
1663 1074 1824 1108 supradicta
1841 1074 1992 1099 defendere
2009 1074 2042 1099 ab
2061 1074 2137 1099 omni
2159 1082 2222 1107 per-

1261 1132 1331 1149 sona
1358 1123 1515 1149 molestiam
1542 1123 1583 1147 vel
1600 1123 1790 1156 calumpniam
1814 1122 1944 1148 faciente.
1968 1122 1996 1147 Si
2014 1131 2079 1147 vero
2097 1122 2221 1156 predicta

1261 1173 1356 1198 omnia
1378 1172 1412 1197 ab
1437 1172 1499 1205 ipso
1524 1171 1655 1197 Guidone
1676 1172 1737 1196 suis
1758 1171 1910 1196 heredibus
1936 1171 1977 1196 vel
2003 1170 2222 1196 successoribus

1263 1229 1318 1247 non
1335 1221 1440 1246 fuerint
1457 1225 1592 1254 perpetuo
1609 1220 1774 1251 observata,
1793 1220 1835 1244 vel
1858 1219 1940 1245 modo
1963 1219 2090 1253 quolibet
2110 1218 2224 1244 venient

1262 1273 1360 1296 contra
1377 1269 1532 1303 premissa.
1551 1268 1704 1302 predictam
1723 1268 1869 1302 pecuniam
1888 1268 2000 1293 nomine
2023 1276 2094 1301 pene
2109 1267 2223 1301 duplam

1263 1318 1353 1344 eidem
1367 1317 1482 1343 domino
1496 1325 1564 1351 pape
1578 1320 1606 1342 et
1616 1317 1678 1342 suis
1692 1316 1913 1341 successoribus
1924 1321 1951 1341 et
1962 1316 2081 1341 ecelesIe
2098 1315 2224 1341 Romane

1263 1375 1294 1393 se
1309 1367 1470 1392 soluturum
1485 1366 1634 1399 sollempni
1647 1365 1830 1398 stipulatione
1844 1365 1989 1398 promisit3
2007 1368 2034 1389 et
2051 1372 2120 1398 pena
2133 1364 2225 1389 soluta

1263 1415 1351 1449 hujus
1368 1414 1546 1440 vendicionis
1563 1418 1591 1439 et
1607 1413 1774 1439 tradicionis
1790 1417 1955 1439 contractus
1971 1416 1998 1438 et
2014 1412 2109 1438 omnia
2125 1420 2225 1446 supra-

1263 1463 1337 1489 dicta
1350 1464 1375 1489 in
1389 1471 1440 1489 sna
1453 1462 1656 1488 nichilominus
1668 1462 1799 1487 firmitate
1813 1462 1975 1495 persistant.
1990 1460 2121 1487 preterea
2133 1460 2226 1486 Guido

1265 1513 1411 1546 predictus
1431 1512 1508 1537 dedit
1531 1511 1730 1545 fidejussorem
1753 1510 1940 1536 ducentarum
1964 1510 2099 1535 librarum
2127 1517 2226 1542 prove-

1264 1561 1408 1587 niensium
1424 1564 1542 1586 senatus
1559 1559 1704 1585 dominum
1722 1559 1883 1584 Guidonem
1901 1559 1935 1583 de
1951 1557 2133 1587 Collemedio,
2151 1558 2225 1591 quod

1265 1610 1412 1636 Rolandus
1438 1609 1523 1634 frater
1547 1609 1639 1642 ipsius
1669 1607 1810 1633 Gnidonis
1837 1607 1864 1632 in
1890 1607 2064 1641 supradictis
2092 1606 2226 1632 omnibus

1257 1659 1440 1689 ‘consenciet,
1463 1660 1543 1683 cavet
1567 1661 1593 1682 et
1615 1656 1757 1682 refutabit.
1780 1655 1833 1687 Qui
1851 1655 1985 1680 dominus
2008 1654 2100 1680 Guido
2122 1654 2225 1680 dictam

1264 1707 1479 1741 fidejussionem
1496 1714 1584 1739 super
1604 1713 1635 1731 se
1653 1705 1773 1738 recepit,
1793 1705 1824 1730 et
1844 1703 1975 1737 promisit
1995 1703 2049 1729 sub
2073 1703 2133 1737 ipsa
2155 1710 2226 1736 pena

1265 1757 1339 1792 quod
1358 1755 1504 1782 Holandus
1519 1754 1663 1788 predictus
1679 1753 1813 1778 omnibus
1830 1753 1981 1786 promissis
1992 1752 2167 1782 consenciet,
2179 1759 2228 1776 ca<

1264 1810 1312 1831 vet
1331 1809 1468 1839 perpetuo
1492 1807 1519 1828 et
1535 1802 1668 1828 refutabit
1689 1806 1716 1827 et
1737 1801 1916 1827 renunciabit
1932 1800 2008 1826 omni
2025 1801 2095 1833 juri,
2112 1800 2135 1825 si
2152 1799 2227 1833 quod

1266 1856 1381 1881 liaberet
1394 1860 1576 1888 quocumque
1587 1851 1670 1876 modo
1683 1851 1726 1876 vel
1740 1851 1794 1876 sibi
1811 1854 1987 1884 competeret
1998 1850 2024 1875 in
2038 1850 2170 1874 omnibus
2181 1856 2228 1874 su-

1265 1904 1362 1939 perius
1380 1902 1555 1928 memoratis.
1577 1899 1698 1933 Insuper
1719 1899 1812 1924 Guido
1830 1898 1976 1932 pre-lictus
1988 1898 2096 1931 juravit
2112 1898 2228 1922 domiuo

1266 1961 1337 1988 pape
1351 1955 1379 1977 et
1397 1951 1524 1976 Humane
1541 1948 1662 1975 ecclesie
1680 1952 1816 1982 perpetuo
1838 1947 1998 1972 fidelitatem
2021 1951 2048 1972 et
2065 1946 2228 1980 homagium

1266 2000 1425 2036 personale.

1301 2050 1407 2075 Actum
1428 2048 1559 2081 Anagnie
1576 2047 1602 2072 in
1618 2046 1724 2080 palacio
1741 2044 1831 2070 sancti
1848 2044 1962 2077 Angeli.
1979 2044 2069 2077 Cujus
2087 2044 2125 2069 rei
2141 2047 2230 2069 testes

1268 2098 1359 2133 rogati
1380 2097 1572 2123 interfuerunt
1591 2107 1595 2121 :
1613 2095 1736 2120 domnus
1757 2093 1920 2128 Stephanus
1941 2092 2104 2126 capellanus
2123 2091 2230 2117 (lentini

1268 2156 1339 2182 pape
1361 2147 1444 2172 testis
1466 2149 1582 2178 rogatus
1606 2147 1666 2176 est,
1691 2142 1825 2168 dominus
1848 2141 1878 2167 Ρ.
1895 2140 2125 2175 archipresbyter
2141 2140 2231 2165 sancti

1267 2195 1372 2229 Augeli
1390 2194 1472 2220 testis
1484 2197 1601 2227 rogatus
1617 2196 1671 2224 est,
1684 2191 1818 2216 dominus
1832 2189 1982 2223 Philippus
1991 2189 2025 2214 de
2038 2188 2138 2214 Genua
2152 2188 2233 2213 testis

1269 2248 1388 2278 rogatus
1411 2247 1469 2272 est.
1496 2241 1630 2267 dominus
1649 2239 1822 2266 Thomasius
1845 2239 1987 2271 Rogerins
2011 2238 2093 2262 testis
2117 2240 2233 2269 rogatus

1269 2297 1324 2325 est,
1342 2293 1428 2318 frater
1446 2291 1480 2317 R.
1498 2290 1671 2316 castellanus
1692 2287 1800 2314 Paliani
1819 2288 1901 2313 testis
1918 2290 2034 2319 rogatus
2051 2288 2110 2314 est,
2129 2285 2233 2310 Alber-

1268 2346 1316 2368 tus
1333 2341 1439 2367 domini
1457 2348 1527 2374 pape
1547 2346 1648 2364 cursor
1664 2338 1746 2363 testis
1764 2341 1881 2370 rogatus
1897 2340 1955 2369 est,
1973 2334 2137 2361 Gualterius
2153 2334 2233 2367 ejus-

1268 2391 1332 2416 dem
1351 2389 1459 2415 domini
1477 2396 1578 2414 cursor
1594 2387 1678 2412 testis
1695 2388 1812 2419 rogatus
1827 2388 1884 2411 est.

1305 2438 1340 2464 Et
1356 2446 1409 2472 ego
1433 2436 1547 2463 Landus
1569 2434 1707 2469 imperiali
1730 2433 1898 2459 auctoritate
1915 2431 2084 2457 scriniarius
2100 2430 2234 2465 predictis

1270 2487 1405 2513 omnibus
1421 2485 1552 2517 interfui,
1570 2488 1598 2509 et
1620 2483 1654 2508 de
1675 2489 1821 2508 consensu
1844 2481 1992 2514 uti-iusque
2014 2480 2102 2514 partis
2119 2482 2234 2512 rogatus

1270 2536 1384 2569 scripsi.

1238 2674 1411 2711 [cccxliii.
1436 2688 1469 2692 —
1495 2673 1567 2699 Am
1588 2679 1715 2698 vatinii-10
1739 2678 1823 2696 FACTA
1848 2678 1897 2695 ren
1926 2668 2150 2694 eruotonsnu
2175 2666 2235 2694 Nu-

1270 2733 1356 2751 cLsnu
1378 2732 1410 2750 ns
1432 2722 1586 2748 ΡΑωΑΝοΙ.

1306 2826 1337 2851 In
1355 2824 1469 2851 nomine
1486 2822 1594 2848 domini
1610 2821 1699 2847 nostri
1718 2819 1789 2846 Jesu
1806 2818 1927 2849 Christi,
1945 2826 2038 2844 amen.
2055 2817 2140 2842 Anno
2155 2817 2236 2850 ejus-

1274 2977 1298 3002 i.
1318 2973 1442 3008 Anagni,
1459 2973 1472 2998 7
1489 2972 1593 2998 sevrier
1607 2969 1682 2997 1236.
1695 2983 1730 2990 —
1741 2968 1921 3002 Bai-thelemy
1936 2967 2061 2994 Nuclerz'i
2073 2966 2107 2993 de
2120 2966 2236 2993 Paliano
