2392 3571
147 347 205 375 444

190 412 362 441 Fridericns
382 409 530 437 secundus
555 408 603 435 Dei
618 407 720 443 qratia
742 406 945 433 Romanorum
967 411 1018 431 reae
1038 410 1153 438 semper

191 469 339 499 augmstus
359 467 383 489 et
404 470 454 489 rer
473 460 592 489 Sicilie.
618 459 671 487 tibi
692 458 815 486 domino
838 466 898 485 meo
919 456 1111 484 sanctissimo
1127 458 1153 482 et

190 517 272 554 patri
289 515 451 543 tcortssimo
464 513 596 541 Honorio
609 514 682 547 pape
700 511 786 538 tertio
803 510 921 545 tuisque
936 507 1154 536 successoribus

190 574 214 597 et
241 569 357 595 ccclesie
385 568 531 599 Ronmnc,
552 564 740 601 presentibus
763 562 940 598 subscriptis
962 560 1154 598 principibus

193 621 315 658 imperii
330 625 354 647 et
373 618 529 651 nobititms,
549 617 686 653 spondeo,
702 616 854 652 polliceor.
869 614 1015 650 promitto
1030 613 1149 649 etjuro,

192 674 269 711 aiunl
282 681 382 701 ‹nnncs
396 671 599 707 possessiones.
620 670 746 697 honores
763 672 788 695 et
807 668 876 695 iura
893 667 1022 695 Romane
1038 665 1155 693 ecclesie

189 736 244 763 pro
258 734 338 763 posse
357 733 417 751 meo
433 724 506 751 bonu
523 722 580 758 fide
594 725 749 758 protcyam
766 725 791 748 ct
806 720 938 748 servabo.
957 718 1156 747 Possessiones

192 784 290 807 autem
305 786 379 814 (litas
390 776 508 804 ccclesia
522 776 654 803 Romana
669 773 860 810 recuperauit
872 772 981 800 liberas
997 776 1022 799 et
1038 771 1156 807 quietas

192 833 249 861 sibi
275 831 449 863 dimittam,
473 833 499 856 et
526 829 622 864 ipsam
651 826 690 854 ad
716 835 765 854 eas
796 824 969 853 retinendas
995 825 1069 851 bona
1099 823 1155 859 side

195 885 302 913 iuvabo
315 895 323 913 ,·
336 891 411 919 quas
426 886 524 910 autem
543 880 678 908 nonaum
697 879 896 915 recuperauit,
916 877 1040 905 adiutor
1057 884 1105 904 ero
1118 875 1157 903 ati

194 936 445 973 recuperamlum,
464 939 488 961 et
507 937 757 970 recuperatarum
777 930 941 959 secundum
960 938 1040 966 posse
1056 937 1156 956 meum

193 999 240 1017 ero
256 989 321 1016 sinc
336 987 444 1023 fraude
462 987 606 1021 defensor,
631 989 657 1012 et
678 991 863 1020 quecumque
886 983 923 1010 ad
945 990 1056 1010 manus
1077 989 1158 1008 meas

193 1043 365 1075 devenient,
388 1041 453 1068 sine
475 1038 650 1076 difficultate
666 1037 823 1064 restituere
844 1035 1019 1072 procurabo.
1043 1034 1086 1062 Ad
1105 1034 1159 1061 has

193 1096 321 1132 pertinet
339 1098 397 1121 tota
414 1098 494 1120 terra
506 1101 562 1128 que
574 1095 612 1119 est
625 1101 641 1117 a
657 1090 839 1124 Radicosuno
855 1096 945 1124 usque
958 1088 1157 1124 Ceperanum,

194 1152 354 1177 eararcatus
385 1147 532 1179 Racenne,
567 1143 750 1179 Pentapolis,
785 1141 923 1168 marchia
955 1140 1158 1171 AnconHana.

195 1202 324 1229 ducatus
339 1199 532 1236 Spoletanus,
552 1202 631 1225 terra
648 1196 796 1225 comitisse
814 1193 979 1227 Malitiltlis,
1000 1192 1161 1219 comitatus

196 1253 376 1283 Brittenorii
396 1260 462 1279 cum
485 1250 693 1279 adiacentibus
715 1249 815 1282 terris,
836 1247 982 1283 espressis
1000 1246 1030 1273 in
1053 1245 1161 1272 multis

195 1306 369 1344 prieilesyiis
392 1305 609 1341 imperatorum
633 1311 649 1329 a
676 1306 803 1336 tempore
825 1299 953 1327 Lodoici.
976 1298 1036 1326 Has
1060 1305 1162 1325 omncs

195 1367 338 1397 proposse
351 1366 412 1385 ineo
423 1357 579 1384 restituam
591 1359 616 1382 et
625 1353 884 1390 qnietedimittam
896 1359 962 1379 cum
974 1350 1161 1378 omniiuris-

195 1412 340 1440 dictione.
363 1409 504 1437 districtu
529 1412 554 1435 et
577 1407 688 1434 honore
708 1414 770 1433 suo.
799 1405 1009 1432 Verumtamen
1031 1410 1097 1429 eum
1123 1401 1161 1429 ad

198 1463 400 1500 recipiendane
422 1469 562 1489 coronam
589 1459 714 1495 imperii
735 1458 777 1485 cel
796 1465 852 1493 pro
876 1455 1101 1484 necessitatibus
1120 1463 1161 1482 ec-

195 1518 280 1545 clesie
303 1516 338 1543 ab
361 1514 522 1551 apostolica
546 1512 610 1539 sede
635 1515 755 1538 uocatus
776 1517 934 1542 accessero,
962 1508 996 1535 de
1017 1507 1162 1535 mandato

195 1569 309 1597 summi
321 1566 474 1604 pontilicis
490 1565 637 1600 accipiam
656 1562 900 1599 procuratitmem
914 1560 949 1588 ab
965 1560 1017 1588 eis.
1034 1559 1163 1587 Adiutor

197 1622 286 1649 etiam
303 1629 351 1647 cro
367 1619 405 1647 ati
421 1617 611 1646 rctiuendnm
627 1620 652 1643 et
667 1614 885 1649 defendendum
904 1613 1020 1641 ecclesie
1032 1613 1162 1640 Romane

199 1682 323 1710 rcynum
341 1672 455 1701 Sicilie.
476 1670 537 1698 Tibi
557 1669 647 1697 etiam
666 1668 788 1695 domino
804 1675 867 1694 ineo
887 1665 1020 1694 Honorio
1041 1674 1117 1701 pape
1138 1669 1163 1693 et

195 1725 412 1755 successoribus
429 1724 489 1751 tuis
505 1731 620 1749 omnem
641 1720 838 1749 obedientiam
854 1723 879 1746 et
896 1718 1161 1754 honorificentiam

197 1779 341 1807 crbibebo.
367 1786 456 1813 'piam
484 1775 581 1803 devoti
601 1779 626 1801 et
652 1772 795 1801 catholici
821 1772 1017 1807 imperatores
1040 1779 1164 1799 consue-

200 1835 307 1859 rerunt
325 1830 386 1857 sedi
409 1827 567 1865 apostolice
587 1826 734 1854 exhibere.
760 1825 794 1852 Et
817 1825 844 1851 si
865 1828 987 1860 propter
1008 1824 1162 1859 neyotium

198 1893 296 1912 vmcum
312 1883 473 1911 Romanam
490 1880 641 1908 ecclesiam
655 1878 822 1915 oportuerit
838 1878 994 1905 incurrere
1006 1885 1162 1913 queri-am,

199 1936 373 1965 subveniam
392 1935 434 1962 ei.
453 1934 530 1960 sicut
554 1932 711 1959 necessitas
730 1930 944 1966 postulaverit,
967 1930 996 1956 in
1015 1930 1163 1965 arpensis.

201 1990 310 2017 Omnia
340 1996 405 2015 cero
427 1985 604 2022 supradicta
631 1989 689 2011 tam
724 1984 897 2011 iuramento
930 1990 1020 2018 quam
1054 1982 1166 2018 scripto

199 2042 341 2077 firmabo.
364 2048 430 2067 cum
451 2038 573 2074 imperii
589 2039 674 2072 fuero
690 2044 830 2064 coronam
850 2035 987 2071 adeptus.
1009 2035 1166 2070 Principes

199 2099 299 2122 autem
324 2093 447 2129 imperii
461 2096 485 2119 ct
506 2090 615 2118 nobiles
635 2097 734 2117 coram
753 2088 862 2124 quibus
880 2088 983 2115 iuravi
1003 2087 1018 2115 h
1028 2088 1050 2115 ii
1067 2092 1139 2115 sunt
1156 2097 1165 2114 :

200 2146 348 2175 Henricus
377 2143 562 2180 Argnntinns
599 2142 770 2178 episeopus,
801 2140 951 2168 Heni-icus
988 2139 1167 2168 Basiliensis

199 2199 363 2235 episcopus,
387 2197 473 2223 abbas
494 2205 517 2223 s.
545 2195 633 2228 Galli,
671 2193 728 2229 L'yo
753 2193 840 2220 abbas
865 2193 1071 2226 Morbacensis,
1100 2191 1167 2219 Got-

200 2251 308 2286 sradus
335 2250 421 2277 abbas
441 2249 474 2276 de
500 2248 682 2277 lt'tcziburc.
709 2246 851 2274 Tibatdus
871 2245 934 2273 dux
957 2245 1163 2280 Lotherinyie,

201 2312 295 2332 comes
319 2303 414 2339 chno
436 2302 469 2329 de
494 2301 600 2335 Vrahc,
626 2308 720 2328 comes
738 2298 901 2327 Loriooicus
922 2298 955 2326 de
977 2297 1163 2332 li'irtinberc,

202 2364 295 2384 comcs
321 2354 491 2383 Eoerardus
516 2353 549 2381 de
573 2353 762 2388 Hcljinstein,
784 2351 934 2380 Heni-icus
957 2350 990 2378 de
1009 2350 1115 2385 Niffen,
1143 2354 1169 2377 et

202 2408 398 2445 ‹pitiniplures
415 2407 482 2434 alii.

242 2463 346 2489 Actum
373 2460 455 2497 apud
478 2460 638 2496 Haanozce,
664 2466 744 2486 anno
767 2457 917 2485 dominice
941 2455 1169 2484 incarnationis

202 2514 365 2542 millesimo
387 2512 589 2540 ducentesimo
613 2519 691 2539 nono
716 2510 844 2544 decimo,
870 2517 969 2537 mense
991 2508 1165 2545 septembri,

205 2567 369 2595 indictione
387 2570 499 2593 octava.

166 2702 406 2732 CLXXXVIII.
422 2718 460 2722 -
480 2701 589 2730 Susum
606 2708 811 2729 PRtVILEGmM
828 2708 949 2728 FACTUM
966 2707 1041 2728 pos‘r
1054 2699 1131 2728 ¹.....
1143 2699 1168 2726 .².

246 2794 420 2821 Freilericus
440 2793 548 2821 diuina
571 2794 688 2827 favente
709 2791 868 2820 clementia
886 2791 1091 2818 Romanorum
1110 2790 1171 2818 im-

208 2936 231 2961 1,
251 2935 286 2959 Le
303 2939 378 2960 rosto
394 2935 427 2959 de
445 2935 467 2960 {a
485 2935 620 2968 rubrique
637 2944 650 2959 ει
668 2936 713 2959 ot&
730 2936 833 2967 gratie.

208 2984 234 3009 ⁶2.
252 2983 374 3017 Capone,
385 2983 496 3016 janvier
512 2983 633 3008 2·2-21.—
643 2982 776 3016 Theiuer,
790 2989 820 3008 11⁰
836 2982 881 3008 100
895 2992 900 3014 ;
914 2983 947 3008 Μ.
959 2982 989 3008 G.
1003 2983 1087 3015 Leon,
1100 2985 1121 3008 t.
1134 2981 1171 3014 II,

694 340 742 368 LE
766 338 911 368 LIBER
934 335 1168 366 CENSUUM
1191 334 1246 363 DE
1271 324 1456 362 L‘EGLISE
1479 331 1689 361 ROMAINE.

1272 404 1395 437 perator
1428 407 1544 435 semper
1575 402 1724 434 augustus
1753 402 1778 425 et
1808 398 1866 425 Rea·
1894 397 2009 425 Sicilie.
2041 397 2098 425 Per
2122 404 2242 433 presens

1274 453 1420 488 scriptum
1447 455 1549 479 notum
1572 451 1704 485 facimus
1727 455 1785 477 tam
1810 450 1996 486 presentibus
2012 457 2102 485 quam
2123 449 2242 484 futuris

1275 505 1353 541 quod
1370 505 1452 532 nobis
1467 504 1664 532 esistentibus
1685 512 1766 531 anno
1784 503 1928 540 preterito
1949 503 1979 530 in
2002 510 2101 530 mense
2115 506 2242 538 septem-

1275 558 1336 585 bris
1366 562 1466 585 octaee
1501 556 1678 584 indictionis
1706 555 1788 598 apud
1818 557 1984 591 Ayenorem
2017 554 2084 591 lieri
2115 554 2244 589 fecimus

1276 609 1424 646 quoddam
1449 609 1595 646 scriptum
1619 609 1658 635 ad
1683 609 1861 636 mandatum
1887 607 2041 635 carissimi
2066 607 2095 635 in
2126 606 2244 635 Christo

1259 662 1373 699 patris
1389 662 1506 689 domini
1520 661 1556 689 H.
1568 665 1670 689 sancte
1686 661 1814 689 Romane
1831 660 1947 688 ecclesie
1963 659 2077 687 summi
2092 658 2245 695 pontificis

1276 720 1302 743 et
1320 715 1499 743 nuntiorum
1517 715 1590 750 ejus,
1613 714 1691 750 quod
1706 714 1874 741 continebat
1891 723 1899 740 .·

1319 768 1383 795 «In
1404 767 1525 795 nomine
1541 771 1642 795 sancte
1658 771 1684 794 et
1703 766 1862 794 individue
1881 765 2052 799 Trinitatis,
2070 773 2168 793 amen.
2186 764 2244 800 Εῃο

1280 832 1292 845 n
1317 820 1493 848 Fridericus
1508 820 1671 851 secundus,
1692 820 1741 847 Dei
1756 819 1858 855 qratia
1876 819 2081 847 Romanorum
2099 826 2150 846 reat
2167 826 2244 845 sem-

1281 885 1293 898 »
1316 882 1370 910 per
1391 878 1541 909 aitssustus
1562 877 1587 900 et
1614 881 1664 900 reat
1686 872 1803 906 Sicilie,
1831 872 1884 899 tibi
1908 872 2030 900 domino
2052 871 2246 900 sanctissimo

1281 938 1293 951 n
1319 930 1345 954 et
1364 926 1448 962 patri
1468 925 1627 953 carissimo
1646 925 1679 953 tt.
1697 934 1772 961 pape
1791 926 1877 953 tertio
1897 925 2015 961 tuisque
2030 924 2247 953 successoribus

1282 990 1294 1003 n
1319 983 1344 1006 et
1365 979 1480 1006 ecclesie
1496 979 1636 1006 Romane.
1659 977 1847 1014 presentibus
1864 977 2040 1013 subscriptis
2056 977 2248 1013 principibus

1282 1041 1295 1055 n
1323 1030 1445 1067 imperii
1468 1035 1493 1058 et
1520 1030 1682 1063 nobilibus,
1709 1029 1853 1066 spondeo.
1877 1029 2035 1065 polliceor,
2058 1029 2203 1066 promitto
2220 1033 2246 1057 et

1283 1095 1295 1108 »
1314 1084 1389 1119 Juro
1405 1082 1483 1118 quod
1501 1091 1603 1110 omnes
1619 1082 1825 1118 possessiones,
1844 1082 1970 1109 honores
1987 1086 2012 1109 et
2025 1082 2103 1118 jura
2119 1082 2249 1109 Romane

1284 1146 1296 1160 υ
1321 1135 1439 1163 ecclesie
1456 1143 1511 1171 pro
1530 1143 1612 1171 posse
1633 1142 1694 1161 meo
1710 1135 1784 1161 bona
1805 1133 1862 1169 fide
1885 1138 2037 1169 proteqam
2064 1137 2089 1161 et
2114 1133 2247 1162 servabo.

1285 1199 1297 1213 »
1322 1187 1530 1216 Ροςςεδεῖοιιθε»
1544 1191 1644 1215 autem
1668 1195 1743 1223 quas
1762 1186 1882 1215 ecclesia
1905 1186 2039 1214 Romana
2058 1186 2250 1223 recuperavit

1285 1252 1297 1265 n
1323 1241 1432 1268 liberas
1450 1244 1476 1268 et
1491 1240 1610 1275 quietas
1625 1239 1682 1267 sibi
1702 1239 1857 1267 dimittam
1880 1243 1906 1267 et
1929 1239 2023 1275 ipsam
2044 1238 2083 1266 ati
2105 1246 2153 1266 eas
2176 1239 2250 1266 reti-

1285 1305 1298 1319 »
1325 1293 1438 1321 nendas
1454 1294 1527 1321 bona
1544 1292 1601 1328 side
1613 1293 1650 1329 ju
1659 1293 1738 1320 cabo.
1759 1294 1838 1326 (tuas
1854 1296 1953 1320 autem
1974 1291 2106 1320 nondum
2128 1300 2251 1328 recupe-

1286 1358 1298 1371 »
1324 1346 1417 1379 ravit,
1435 1346 1559 1381 adjutor
1576 1354 1624 1373 ero
1640 1345 1679 1373 ad
1699 1344 1937 1381 recuperandum
1956 1349 1981 1373 et
2001 1349 2251 1381 recuperatarum

1286 1410 1298 1424 η
1323 1398 1487 1427 secundum
1513 1406 1595 1434 posse
1624 1406 1722 1425 mcum
1750 1406 1799 1425 ero
1823 1397 1888 1425 sine
1913 1397 2023 1432 fraude
2050 1396 2198 1431 defensor,
2225 1400 2252 1424 et

1286 1463 1299 1477 »
1324 1459 1510 1487 quecumque
1532 1451 1571 1478 ad
1592 1459 1702 1477 manus
1726 1454 1844 1477 nostras
1866 1449 2022 1477 devenient
2039 1449 2105 1477 sine
2121 1448 2252 1486 difficul-

1286 1515 1299 1529 »
1326 1508 1384 1531 tate
1406 1503 1564 1531 restituere
1585 1503 1764 1539 procurabo.
1789 1502 1831 1530 Ad
1857 1502 1911 1529 has
1935 1501 2064 1538 pertinet
2088 1505 2147 1529 tota
2171 1505 2252 1529 terra

1287 1568 1300 1581 ³>
1326 1565 1381 1593 que
1407 1560 1446 1583 cst
1471 1565 1489 1583 a
1514 1555 1694 1590 Radicofono
1720 1563 1813 1591 usque
1842 1555 2044 1591 &pei-anum,
2072 1554 2254 1582 emi-etiaim

1287 1621 1300 1635 »
1325 1610 1478 1643 Ravenne,
1510 1607 1693 1644 Pentapolis,
1724 1607 1864 1635 marchia
1891 1607 2098 1639 Anconitana,
2125 1606 2254 1634 ducatus

1288 1674 1300 1688 »
1325 1662 1516 1699 Spoletanus,
1539 1665 1618 1689 terra
1640 1660 1788 1688 comitisse
1812 1659 1968 1694 Mattildis,
1992 1659 2155 1687 comitatus
2173 1659 2254 1687 Brit-

1289 1727 1300 1740 »
1327 1715 1453 1748 tenorii,
1479 1722 1546 1742 cum
1571 1713 1778 1749 adjacentibus
1799 1713 1899 1745 terris,
1921 1712 2068 1748 tui-pressis
2093 1712 2125 1739 in
2148 1711 2255 1740 multis

1289 1780 1301 1793 »
1324 1767 1499 1805 priviteyiis
1515 1767 1735 1803 imperatorum
1751 1774 1768 1793 α
1784 1769 1912 1801 tempore
1927 1764 2063 1800 Lodoyci.
2078 1764 2138 1792 Has
2153 1772 2255 1792 omnes

1289 1832 1302 1846 n
1324 1830 1380 1857 pro
1392 1828 1475 1857 posse
1492 1827 1554 1847 meo
1572 1819 1729 1846 restituam
1749 1822 1774 1845 et
1790 1818 1888 1854 quiete
1905 1817 2060 1845 dimittam
2078 1825 2145 1846 cum
2170 1817 2255 1844 omni

1289 1884 1302 1898 »
1321 1872 1550 1909 jurisdictione,
1565 1871 1707 1898 districtu
1722 1874 1747 1897 et
1759 1870 1870 1897 honore
1882 1878 1946 1897 suo.
1966 1869 2173 1897 Verumtamen
2187 1877 2255 1897 cum

1290 1937 1302 1951 ι)
1328 1925 1366 1953 ad
1384 1924 1585 1961 recipiendam
1605 1932 1745 1951 coronam
1764 1923 1887 1959 imperii
1906 1922 1950 1949 cel
1964 1930 2018 1958 pro
2035 1921 2257 1950 necessitatibus

1290 1990 1302 2003 »
1328 1978 1447 2006 ecclesie
1469 1978 1503 2005 ab
1526 1977 1688 2013 apostolica
1709 1976 1773 2003 sede
1792 1980 1916 2003 vocatas
1938 1982 2095 2008 accessero,
2116 1974 2148 2002 de
2164 1982 2256 2013 man-

1292 2043 1303 2056 »
1329 2031 1398 2058 dato
1413 2030 1528 2058 summi
1545 2029 1700 2066 pontilicis
1720 2028 1870 2064 accipiam
1888 2027 2132 2064 procurationem
2150 2027 2186 2055 ab
2201 2027 2253 2055 eis.

1291 2096 1303 2109 »
1331 2084 1394 2112 Tibi
1411 2084 1500 2111 etiam
1525 2082 1648 2110 domino
1670 2081 1803 2109 Honorio
1822 2089 1897 2117 pape
1914 2085 1940 2108 et
1960 2079 2178 2108 successoribus
2197 2080 2258 2107 tuis

1291 2148 1304 2162 »
1329 2145 1445 2165 omnem
1465 2135 1663 2163 obedientiam
1681 2138 1707 2161 et
1730 2133 1993 2169 honorificentiam
2012 2132 2148 2160 ea'ltibcbo
2165 2140 2258 2169 quam

1292 2201 1304 2215 »
1330 2189 1428 2218 deuoti
1445 2193 1470 2216 et
1487 2187 1629 2215 catholici
1647 2187 1842 2223 imperatores
1859 2189 2080 2213 consueverunt
2095 2184 2158 2213 sedi
2175 2193 2258 2222 apos-

1292 2253 1305 2267 »
1332 2242 1416 2270 tolice
1427 2241 1574 2269 ‹ni-hibere.
1591 2240 1623 2267 Et
1636 2239 1663 2267 si
1674 2243 1797 2276 propter
1811 2238 1964 2273 neyotium
1977 2245 2074 2265 meum
2090 2237 2258 2265 Romanam

1293 2306 1305 2320 >³
1330 2294 1482 2322 ecclesiam
1501 2292 1667 2329 oportuerit
1692 2292 1849 2319 incurrere
1864 2299 2020 2327 guerram,
2038 2289 2216 2318 subveniam
2232 2289 2259 2318 ei

1293 2357 1305 2372 »
1330 2347 1410 2374 sicut
1427 2345 1586 2374 necessitas
1599 2345 1799 2381 postulaverit
1819 2343 1849 2371 in
1869 2343 2016 2380 expensis.
2040 2342 2173 2371 Omnia¹
2190 2350 2259 2370 vero

1293 2410 1306 2424 n
1330 2398 1507 2435 supradicta
1527 2402 1585 2425 tam
1598 2397 1779 2433 jitramento
1795 2404 1885 2432 quam
1909 2395 2021 2432 scripto
2042 2394 2169 2430 firmabo
2190 2402 2259 2423 cum

1294 2463 1306 2477 »
1332 2451 1456 2488 imperii
1472 2451 1558 2486 suero
1574 2458 1714 2478 eoronam
1737 2449 1874 2485 adeptus.
1895 2447 2052 2484 Principes
2073 2451 2174 2475 autem
2200 2447 2259 2475 im·-

1295 2515 1308 2530 »
1330 2504 1411 2541 perii
1423 2508 1448 2532 et
1463 2503 1573 2531 nobiles
1586 2511 1684 2531 coram
1701 2502 1809 2538 quibus
1816 2501 1929 2537 juravi
1942 2500 1989 2528 hii
2001 2504 2073 2528 sunt
2085 2509 2094 2527 .·
2109 2499 2260 2529 Henricus

1295 2569 1307 2583 ι)
1331 2557 1519 2593 Aryemtnus
1541 2556 1708 2592 episcopus,
1727 2554 1877 2583 Hem-icus
1899 2553 2077 2581 Basitiensis
2094 2553 2258 2590 episcopus,

1254 2750 1282 2776 p.
1298 2741 1368 2771 ‘245;
1387 2741 1613 2772 Constituamus,
1631 2743 1650 2764 t.
1669 2737 1706 2773 11,
1724 2746 1750 2772 p.
1771 2737 1835 2768 1133
1855 2735 2162 2767 Huillard-Brfzholles,
2183 2739 2204 2762 t.
2220 2734 2259 2769 11,

1254 2799 1282 2824 p.
1295 2789 1357 2816 208.
1367 2803 1403 2809 —
1416 2787 1686 2819 Renouvenement,
1702 2787 1786 2820 api-bs
1801 2785 1826 2811 le
1837 2793 1919 2811 sacre
1931 2784 2070 2818 imperial,
2083 2784 2120 2810 du
2133 2786 2262 2810 serment

1254 2838 1289 2864 de
1302 2837 1461 2872 Haguenau
1479 2836 1587 2868 (charte
1604 2834 1794 2869 precedente).

1292 2887 1317 2913 1.
1340 2885 1383 2912 On
1406 2894 1420 2910 a
1442 2886 1539 2917 ajout&
1560 2883 1594 2909 ici
1616 2883 1650 2908 de
1674 2881 1799 2908 seconde
1821 2881 1895 2907 main
1920 2881 1944 2906 le
1961 2885 2020 2906 mot
2036 2883 2127 2912 vacat,
2146 2881 2181 2905 de
2197 2879 2262 2905 telle

1253 2934 1336 2968 sagon
1353 2942 1408 2967 que
1423 2933 1447 2958 la
1461 2932 1568 2966 syllabe
1586 2939 1617 2957 ra
1633 2931 1687 2956 suit
1703 2930 1798 2964 placeo
1809 2937 1844 2954 au
1859 2928 1965 2954 dessus
1982 2928 2016 2953 de
2033 2927 2057 2953 la
2073 2927 2160 2961 ligne,
2176 2930 2262 2953 avant

1254 2984 1353 3013 omnis,
1366 2986 1394 3008 et
1410 2982 1434 3007 la
1448 2981 1556 3015 syllabe
1572 2982 1613 3005 cat
1630 2979 1714 3013 api-ies
1729 2978 1852 3010 adeptus.
