2392 3571
654 427 703 456 LE
727 427 872 456 LIBER
894 425 1129 456 CENSUUM
1154 426 1206 455 DE
1232 416 1417 454 L'EGLISE
1440 426 1648 456 ROMAINE.
2137 428 2196 460 549

145 492 310 521 indictione
331 492 408 527 VIII,
425 497 554 529 tempore
567 493 685 521 domini
700 493 835 530 Greyorii
849 501 925 530 pape
939 493 1015 521 noni
1028 493 1109 520 escis-

145 545 248 579 tentis,
271 545 318 573 die
340 545 372 574 II
391 550 516 574 exeunte
537 554 636 574 mense
654 546 743 574 maii.
767 546 826 582 Eyo
846 546 969 582 quidem
987 545 1108 581 Bonasi-

144 597 252 625 dantia
272 598 417 626 Massucii
439 606 494 634 pro
514 606 560 626 me
584 603 611 626 et
630 599 783 626 Januario
801 599 898 633 fratre
921 606 1000 632 meo,
1017 603 1044 626 et
1059 606 1109 635 eqo

141 650 307 678 Munaldus
330 649 483 686 quondam
501 650 621 679 domini
638 651 740 679 Jacobi
759 655 840 679 tutor
866 655 1006 687 nepotum
1028 658 1109 678 meo-

143 710 226 736 rum,
242 702 382 738 filiorum
397 702 551 738 quondam
570 702 689 739 Gcoryii
702 703 813 737 fratris
827 703 894 737 mei,
910 703 1007 730 silicet
1021 702 1108 731 Jaco-

142 754 238 787 bucio,
258 754 418 789 Osreducio
430 758 456 782 ct
471 754 621 788 Letitiola,
635 762 703 782 cum
721 754 796 783 dicti
808 755 925 791 pupilli
940 754 1107 783 debitorum

142 806 218 834 mole
229 810 401 842 graventur
415 814 471 842 que
487 806 521 834 de
537 806 621 834 bonis
638 807 798 835 mobilibus
813 807 858 835 vel
873 815 901 835 se
918 806 1109 835 moventibus

142 858 278 894 ipsorum
290 858 484 895 pupillorum
498 858 575 886 solci
591 866 652 886 non
664 863 802 894 possunt,
819 858 1016 887 considerans
1030 858 1110 895 quod

141 910 223 939 inter
249 911 314 939 alia
340 919 396 947 que
423 911 532 939 habent
556 910 632 938 dicti
650 911 766 947 pupilli
788 919 863 947 pars
886 919 988 939 eorum
1015 919 1108 947 quam

140 963 248 991 habent
262 963 293 991 in
308 972 391 992 rocca
403 963 437 992 de
450 963 566 992 Gualdo
583 963 713 992 minoris
728 968 769 991 est
784 964 904 999 fructus
919 968 946 992 et
958 963 1106 998 redditus,

141 1019 167 1043 et
189 1016 291 1052 majus
308 1016 444 1052 pretium
458 1020 552 1053 potest
572 1016 710 1044 inveniri
727 1024 763 1044 ex
781 1024 832 1051 ea,·
851 1015 965 1044 idcirco
977 1024 1035 1053 pro
1049 1025 1106 1050 me,

140 1071 167 1096 et
192 1068 305 1096 tutorio
331 1069 456 1096 nomine
479 1068 671 1105 pupillorum
701 1068 852 1105 ipsorum,
878 1069 1110 1097 auctorantibus

141 1119 264 1149 domino
287 1120 318 1149 Β.
345 1120 466 1149 domini
484 1129 560 1157 pape
579 1120 767 1154 camerario,
784 1125 810 1149 et
830 1120 953 1149 domino
968 1121 1109 1149 Alatrino

140 1172 274 1209 ejusdem
292 1173 411 1202 domini
426 1172 609 1201 subdiacono
624 1177 650 1201 et
670 1173 842 1210 capellano,
863 1173 992 1201 ducatus
1006 1173 1108 1210 Spole-

142 1225 209 1254 tani
231 1229 361 1260 rectore,
386 1230 413 1254 et
434 1225 699 1262 interponentibus
725 1225 876 1254 decretum
902 1233 1011 1260 suum,
1035 1226 1110 1262 jure

137 1277 264 1314 proprio
277 1277 449 1313 vendimus,
465 1277 620 1306 tradimus
635 1282 661 1306 et
677 1277 879 1312 concedimus,
894 1278 1013 1313 damus,
1027 1278 1109 1306 cedi-

140 1339 209 1359 mus
230 1335 258 1359 et
276 1331 464 1360 mandamus
487 1331 570 1360 vobis
591 1331 716 1359 domino
736 1331 878 1360 Alatrino
896 1331 1017 1360 domini
1030 1339 1109 1368 pape

139 1383 323 1412 subdiacono
338 1387 365 1412 et
382 1383 548 1420 capellano,
566 1391 650 1412 nunc
665 1383 776 1412 rectori
793 1383 923 1412 ducatus
938 1383 1103 1421 Spoletani,

140 1436 302 1472 recipienti
318 1436 444 1465 nomine
464 1441 490 1465 et
508 1437 571 1465 vice
588 1436 720 1465 Romane
742 1436 876 1470 ecclesie,
894 1436 1013 1465 domini
1032 1444 1109 1473 pape

141 1488 278 1525 Greyorii
300 1493 327 1517 et
343 1497 549 1518 successorum
571 1489 653 1525 ejus,
670 1493 791 1526 partem
809 1493 947 1517 nostram
966 1490 1108 1518 omnium

138 1541 362 1578 predictorum„
388 1541 503 1570 scilicet
526 1541 715 1570 medietatem
737 1541 872 1578 yironis,
897 1542 960 1570 sive
979 1541 1060 1570 arcis
1075 1541 1109 1570 de

142 1593 266 1629 Gualdo,
285 1594 425 1623 videlicet
440 1602 458 1622 a
473 1594 666 1622 carbonariis
681 1594 779 1631 'ipsius
799 1595 920 1631 gironis
937 1594 1022 1623 *in-tus
1038 1603 1108 1623 cum

139 1646 215 1683 ipsis
228 1647 419 1675 carbonariis
432 1651 459 1675 et
473 1647 562 1675 rebus
576 1646 729 1680 omnibuS,
740 1647 869 1683 jitribus
878 1652 904 1675 et
919 1647 1109 1676 utilitatibus

138 1698 238 1735 ipsius
252 1699 381 1735 yironis,
397 1699 502 1727 dantes
516 1699 595 1727 vobis
604 1707 661 1736 pro
674 1699 755 1727 dictu
771 1699 894 1728 ecclesia
908 1700 1044 1728 Romana
1060 1708 1108 1728 re-

140 1751 268 1788 cipienti
280 1751 403 1788 plenam
417 1751 574 1780 licentiam
588 1756 614 1780 ct
624 1756 800 1789 potestatem
814 1756 911 1780 cestra
928 1753 1110 1781 auctoritate

135 1804 351 1841 possessionem
379 1803 540 1838 intrandi,
569 1804 714 1839 habendi,
746 1804 883 1840 tenendi,
912 1804 1106 1841 possidendi,

137 1856 282 1891 fruendi,
301 1860 326 1884 et
342 1856 490 1893 quicquid
507 1857 587 1885 vobis
606 1865 662 1893 pro
683 1857 806 1885 ecclesia
822 1857 957 1885 Romana
973 1857 1110 1894 deinceps

137 1909 290 1945 placuerit
303 1908 440 1944 faciendi
458 1907 607 1945 tanquam
623 1909 657 1937 de
672 1917 705 1937 re
717 1909 846 1946 propria
864 1910 962 1946 ipsius
977 1910 1109 1938 Romane

140 1961 258 1989 ecclesie
279 1961 344 1989 sine
364 1961 500 1998 aliqu'us
526 1961 572 1990 vet
593 1961 773 1998 aliquorum
793 1962 1045 1990 contradictione.
1073 1962 1108 1990 Et

138 2013 259 2048 damus,
277 2013 412 2042 cedimus
427 2018 453 2042 et
470 2013 656 2042 mandamus
668 2022 724 2050 pro
740 2014 824 2042 nobis
842 2019 868 2042 et
887 2015 1024 2051 personis
1036 2023 1108 2051 pre-

138 2065 228 2094 dictis
252 2066 334 2095 vobis
353 2065 478 2094 domino
503 2066 645 2094 Alatrino
669 2066 827 2103 recipienti
850 2067 972 2095 nomine
993 2071 1020 2095 et
1044 2067 1108 2095 vice

139 2119 270 2147 Romane
289 2119 422 2152 ecclesie,
446 2119 552 2147 omnia
568 2119 646 2155 jura
668 2127 828 2155 omnesque
844 2119 977 2147 actiones
999 2119 1103 2153 utiles,

138 2171 279 2205 directas,
300 2171 404 2206 reales,
430 2171 612 2208 personales,
642 2171 751 2199 tacitas
775 2176 801 2199 et
826 2179 979 2207 cipressus
1001 2179 1057 2207 que
1082 2175 1109 2199 et

138 2232 214 2261 quas
230 2225 373 2253 habemus
389 2225 434 2253 vel
449 2224 556 2252 lzabere
572 2224 716 2252 videmur
735 2233 786 2252 nos
804 2229 829 2252 et
842 2224 974 2260 predicti
991 2225 1022 2253 in
1036 2233 1108 2261 prc-

139 2277 219 2306 dicta
232 2277 389 2305 medietate
402 2277 500 2314 ipsius
510 2277 646 2314 (Jironis,·
659 2277 874 2305 constituentes
882 2285 936 2313 per
951 2285 999 2305 vos
1009 2277 1109 2313 ipsam

139 2330 307 2358 Romanam
335 2329 490 2358 ecclesiam
525 2330 766 2366 procuratricem
799 2333 945 2365 tanquam
977 2329 1011 2357 in
1046 2337 1106 2357 rem

140 2390 240 2410 suam.
264 2382 340 2410 Item
359 2382 573 2418 promittimus
594 2390 648 2418 per
672 2390 724 2409 nos
747 2386 773 2409 et
795 2381 947 2418 predictas
966 2389 1110 2418 personas

140 2434 222 2462 vobis
243 2434 409 2470 stipulanti
430 2434 554 2462 nomine
575 2434 707 2462 Romane
726 2434 845 2462 ecclesie
860 2433 939 2470 quod
960 2433 1042 2461 nulli
1058 2433 1109 2462 de-

139 2486 243 2514 dimus
257 2495 309 2515 nec
320 2486 424 2522 aliquo
435 2486 522 2515 modo
535 2486 736 2514 concessimus
751 2485 865 2514 dictam
884 2490 1017 2514 nostram
1033 2494 1109 2523 par-

119 2572 123 2574 ,
141 2543 199 2567 tem
214 2539 313 2576 ipsius
329 2539 466 2575 yironis,
489 2539 535 2567 vel
555 2539 620 2575 ejus
631 2539 686 2574 jus
701 2538 828 2575 aliquod
844 2538 889 2567 vel
909 2539 1057 2567 actionem
1075 2539 1109 2567 de

138 2590 274 2627 predicta
292 2590 448 2618 medietate
463 2590 562 2627 ipsius
576 2590 705 2626 yironis,
725 2589 773 2618 vel
787 2590 852 2626 ejus
861 2590 989 2626 juribus
1004 2595 1029 2618 et
1045 2591 1109 2618 uti-

141 2643 290 2676 tualibus,
303 2651 358 2679 per
367 2651 418 2670 nos
431 2643 631 2679 celpcrsubm
640 2643 729 2670 issam
742 2651 919 2679 pcrsonam;
931 2648 956 2671 et
967 2644 994 2671 si
1005 2644 1109 2680 aliaue

141 2700 271 2732 tempore
283 2695 429 2723 concessio
444 2695 551 2731 aliqua
564 2695 745 2731 apparuerit
758 2704 774 2723 a
793 2695 876 2723 nobis
890 2695 953 2723 sive
964 2695 1110 2732 predictis

142 2748 187 2776 vel
213 2747 318 2783 aliquo
339 2751 478 2775 nostrum
501 2746 534 2775 de
558 2746 640 2775 dicta
661 2751 765 2775 'nostra
785 2751 874 2784 parte
898 2747 1034 2784 gironis,
1064 2748 1110 2776 vel

141 2800 239 2837 ipsius
251 2800 326 2837 Jure
344 2800 426 2835 sacta
445 2799 554 2836 aliqua
573 2800 740 2834 occasione,
758 2800 972 2836 promittimus
987 2809 1041 2836 per
1057 2808 1110 2828 nos

379 2883 393 2893 ο

1231 496 1258 519 et
1280 491 1430 527 predictos
1456 497 1482 520 et
1510 498 1624 521 nostros
1649 494 1767 522 heredes
1792 500 1817 522 ct
1841 504 2018 523 successores
2041 496 2193 524 ecclesiam

1231 543 1396 572 Romanam
1417 552 1594 573 conservare
1614 546 1682 574 inde
1706 547 1899 584 indempnem
1921 549 2061 577 omnibus
2083 550 2196 578 nostris

1231 597 1377 633 eaepensis.
1405 597 1461 625 I’ro
1485 606 1543 633 qua
1570 599 1756 634 venditione,
1779 601 1975 636 refutatione,
1998 603 2191 636 remissione,

1231 647 1354 676 datione
1381 653 1406 676 ct
1433 650 1561 678 cessione
1587 651 1766 686 confitemur
1794 661 1846 681 nos
1871 654 1994 682 nominc
2021 655 2115 690 pretii
2139 662 2195 691 pro

1233 701 1315 728 nobis
1331 705 1357 728 et
1372 702 1517 737 predictis
1537 704 1674 738 personis
1694 706 1835 741 recepisse
1852 714 1869 734 a
1894 707 1973 734 vobis
1989 707 2120 735 solvente
2138 715 2195 743 pro

1232 752 1299 789 ipsa
1322 753 1456 781 Romana
1484 755 1605 782 ccclesia
1631 764 1685 784 ccc
1709 757 1803 785 libras
1824 758 1968 786 bonorum
1994 759 2191 787 denariorum

1232 804 1417 839 lucensium,
1447 810 1472 833 et
1498 807 1580 842 apud
1614 816 1665 835 nos
1693 809 1806 845 inteqre
1832 810 1948 838 habere.
1977 811 2195 839 Renuntiantes

1231 857 1399 893 exceptioni
1421 866 1479 885 non
1503 860 1657 887 numerati
1680 865 1706 888 ct
1730 870 1787 889 non
1813 862 1906 890 soluti
1923 864 2024 899 pretii,
2051 864 2195 900 omnique

1231 909 1290 936 alii
1305 909 1402 945 leyum
1424 914 1448 938 et
1465 910 1652 939 decretorum
1671 913 1791 941 auxilio
1807 914 1890 942 nobis
1905 915 1933 942 in
1952 915 2004 943 hoc
2017 917 2095 950 sacto
2108 916 2195 944 cohe-

1230 961 1321 995 renti,
1343 963 1540 998 competenti,
1563 968 1588 991 et
1606 965 1821 1001 competituro;
1839 971 1864 994 et
1880 967 1906 994 si
1927 976 1972 995 res
1987 968 2109 995 vendita
2125 968 2195 1004 plus

1231 1013 1311 1042 dicto
1326 1015 1424 1050 pretio
1438 1015 1559 1050 ναίει-εἱ,
1577 1020 1671 1044 totum
1686 1017 1755 1053 plus
1767 1027 1820 1054 pro
1832 1019 1915 1046 nobis
1928 1024 1953 1047 et
1966 1020 2112 1056 predictis
2125 1029 2195 1056 per-

1230 1066 1312 1094 sonis
1332 1067 1414 1095 vobis
1437 1068 1596 1104 recipienti
1614 1077 1670 1105 pro
1695 1070 1816 1098 ecclesia
1838 1071 1971 1100 Romana
1997 1073 2148 1100 donamus
2169 1076 2195 1101 et

1231 1118 1423 1147 concedimus
1443 1128 1532 1156 pure,
1560 1121 1649 1149 libere
1677 1126 1702 1149 et
1731 1123 1912 1159 simpliciter
1936 1124 2017 1152 inter
2045 1126 2140 1159 vivos,
2170 1129 2195 1153 et

1228 1175 1355 1207 pactum
1367 1172 1447 1200 vobis
1457 1173 1591 1207 facimus
1602 1172 1635 1201 de
1647 1182 1705 1202 non
1715 1175 1850 1211 petendo,
1862 1180 1888 1204 et
1898 1176 2066 1212 spetialiter
2078 1186 2128 1205 ren
2136 1185 2194 1205 un-

1233 1223 1348 1252 tiamus
1374 1224 1422 1252 illi
1444 1225 1503 1261 leyi
1527 1226 1595 1254 Rem
1622 1227 1747 1263 majoris
1766 1229 1861 1264 pretii
1879 1237 1935 1264 que
1958 1229 2131 1258 introducta
2154 1233 2195 1258 est

1227 1284 1285 1313 pro
1297 1276 1362 1304 illis
1375 1277 1430 1313 qui
1443 1277 1641 1315 decipiuntur
1652 1279 1735 1307 ultra
1747 1279 1911 1308 dimidiam
1922 1281 2003 1317 justi
2013 1282 2116 1318 pretii,
2129 1290 2194 1310 cer-

1232 1328 1338 1356 tiorati
1361 1338 1423 1357 rem
1449 1331 1544 1367 ipsam
1567 1331 1638 1368 plus
1659 1331 1737 1360 dicto
1752 1333 1851 1369 pretio
1871 1333 1940 1361 bene
1962 1334 2071 1362 valere.
2099 1336 2195 1368 Quam

1230 1380 1419 1410 medietatem
1437 1383 1533 1419 ipsius
1541 1383 1661 1420 yironis
1676 1392 1743 1413 cum
1754 1385 1883 1421 juribus
1893 1390 1919 1413 et
1932 1386 2119 1414 utilitatibus
2133 1385 2198 1414 suis

1231 1440 1250 1460 a
1272 1433 1464 1462 carbonariis
1486 1435 1570 1464 intus
1589 1440 1623 1464 ut
1641 1436 1758 1465 dictum
1775 1441 1832 1472 est,
1849 1438 2062 1474 promittimus
2075 1446 2129 1474 per
2146 1445 2198 1466 nos

1231 1489 1257 1513 et
1277 1486 1471 1522 supradictas
1490 1497 1634 1524 personas
1651 1494 1825 1526 nostrosque
1840 1490 1959 1519 heredes
1974 1495 2000 1519 et
2018 1499 2198 1520 successores

1230 1537 1284 1566 sub
1299 1538 1480 1575 obligatione
1505 1545 1679 1569 nostrorum
1699 1542 1845 1570 bonorum
1863 1544 2050 1579 presentium
2069 1548 2095 1572 et
2108 1544 2197 1579 sulu-

1230 1599 1339 1619 rorum
1363 1592 1441 1620 cobis
1460 1593 1583 1622 domino
1603 1594 1745 1623 Alatrino
1765 1596 1933 1632 stipulanti
1951 1597 2074 1625 ⁴nomine
2089 1602 2116 1625 et
2136 1597 2197 1625 vice

1231 1643 1361 1676 Romane
1384 1644 1510 1673 Ecclesie
1533 1646 1667 1682 leyitime
1682 1646 1854 1682 defendere,
1877 1650 2070 1677 auctorizare
2089 1653 2114 1677 et
2132 1648 2196 1677 dis-

1230 1696 1351 1733 briyare
1380 1698 1415 1725 ab
1439 1699 1524 1727 omni
1551 1707 1682 1735 persona
1709 1701 1822 1728 nostris
1849 1702 2002 1738 erpensis,
2033 1702 2196 1738 omniaque

1231 1748 1366 1786 dampna
1386 1754 1411 1778 et
1434 1759 1578 1787 eoepensas
1599 1752 1708 1781 exinde
1732 1753 1767 1781 in
1788 1754 1876 1781 curia
1901 1754 1945 1782 cel
1969 1759 2054 1782 extra
2075 1755 2195 1783 curiam

1231 1802 1318 1830 modo
1347 1803 1452 1839 aliquo
1485 1803 1567 1832 vobis
1597 1805 1799 1841 competitura
1824 1814 1882 1842 pro
1910 1807 2044 1835 Romana
2075 1808 2198 1836 ecclesia

1230 1855 1382 1883 occasione
1394 1856 1526 1892 predic-te
1542 1856 1727 1885 venditionis
1743 1858 1859 1895 inteqre
1874 1858 1994 1894 reficere
2008 1864 2035 1887 et
2052 1860 2198 1888 resarcire

1227 1907 1457 1943 promittimus,
1475 1909 1620 1938 credendo
1635 1914 1662 1937 et
1677 1910 1786 1938 stando
1801 1910 1834 1938 de
1851 1912 1988 1948 expensis
2008 1917 2034 1940 et
2053 1912 2198 1949 dampnis

1231 1959 1341 1987 nuntio
1364 1960 1481 1988 ecclesie
1505 1961 1637 1990 Romane
1666 1963 1718 1990 cui
1743 1962 1881 1999 predicta
1903 1969 1996 1992 essent
2018 1965 2053 1992 ab
2074 1965 2196 1993 ecclesia

1230 2011 1364 2039 Romanu
1381 2013 1552 2048 commissa,
1571 2021 1626 2042 suo
1640 2014 1777 2051 simplici
1788 2015 1876 2044 verbo
1892 2021 2009 2045 tantum
2027 2017 2092 2045 sine
2101 2018 2197 2054 jura-

1230 2069 1330 2092 mento
1351 2069 1376 2092 ct
1398 2074 1487 2093 onere
1501 2067 1631 2095 alterius
1645 2067 1846 2104 probationis.
1866 2070 1960 2103 Quam
1980 2071 2194 2104 venditionem,

1230 2115 1395 2151 dationem,
1413 2119 1640 2154 concessionem,
1660 2121 1830 2155 cessionem,
1846 2122 2072 2157 refutationem,
2088 2124 2198 2151 remis-

1229 2169 1360 2203 sionem,
1379 2172 1653 2205 renuntiationem,
1673 2173 1904 2209 promissionem
1930 2180 1955 2203 et
1976 2176 2080 2204 omnia
2103 2184 2196 2212 supra

1230 2221 1310 2250 dicta
1324 2222 1401 2250 utin
1411 2223 1698 2261 sinquliscapituiis
1707 2226 1914 2261 continentur,
1925 2228 2198 2266 promittimusper

1229 2281 1283 2302 nos
1296 2279 1322 2302 et
1333 2283 1478 2311 personas
1491 2276 1644 2312 predictas
1661 2282 1834 2314 nostrosque
1851 2278 1970 2307 heredes
1981 2284 2006 2308 et
2018 2289 2197 2310 successores

1229 2326 1312 2354 vobis
1325 2326 1448 2355 domino
1460 2328 1603 2356 Alatrino
1618 2329 1783 2366 stipulanti
1800 2331 1922 2359 nomine
1938 2332 2068 2360 Romane
2080 2333 2197 2362 ecclesie

1229 2378 1390 2414 attendere,
1402 2380 1558 2409 observare
1569 2385 1595 2409 et
1609 2389 1669 2409 non
1683 2383 1896 2411 contravenire
1904 2392 1959 2420 per
1971 2392 2023 2412 nos
2037 2389 2063 2413 et
2074 2385 2197 2422 predic-

1232 2435 1276 2459 tas
1292 2431 1459 2470 [personas]
1478 2437 1651 2470 nostrosque
1667 2433 1786 2462 heredes
1802 2435 1848 2463 cel
1862 2443 1918 2472 per
1931 2436 2111 2466 submissam
2124 2446 2196 2475 per-

1230 2491 1335 2512 sonam
1347 2485 1455 2521 aliqua
1466 2486 1620 2514 occasione
1632 2486 1678 2514 vel
1691 2487 1778 2523 inyen
1786 2487 1812 2515 io
1823 2487 1902 2524 quod
1912 2490 2079 2526 eaecoyitari
2087 2495 2194 2527 posset,

1230 2537 1283 2565 sub
1300 2537 1483 2574 obliyatione
1500 2542 1672 2566 nostrorum
1693 2538 1839 2567 bonorum
1858 2542 2046 2577 presentium
2068 2547 2094 2570 et
2108 2544 2197 2578 sutu-

1231 2597 1350 2623 rorum,
1371 2597 1428 2626 que
1447 2590 1665 2619 constituimus
1685 2599 1737 2619 nos
1755 2593 1895 2628 precario
1909 2602 1964 2630 pro
1983 2595 2046 2631 ipsa
2061 2596 2197 2625 Romana

1230 2642 1350 2670 ccclesia
1377 2642 1541 2678 possidere,
1564 2648 1590 2671 et
1611 2644 1664 2671 sub
1685 2652 1764 2680 pena
1790 2653 1811 2672 M
1832 2646 1983 2675 librarum
2011 2649 2194 2684 lucensium,

1230 2702 1290 2730 qua
1308 2694 1405 2722 soluta
1428 2695 1471 2723 cel
1488 2696 1649 2724 commissa
1666 2697 1712 2724 vel
1735 2705 1793 2725 non
1812 2698 1922 2733 soluta,
1937 2699 2073 2736 predicta
2090 2701 2197 2730 omnia

1228 2750 1254 2774 et
1269 2746 1394 2783 sinyula
1411 2751 1444 2775 ut
1471 2748 1501 2776 in
1522 2748 1656 2785 sinqulis
1671 2749 1816 2785 capitulis
1831 2751 1972 2787 superius
1987 2754 2195 2789 continentur,

1230 2798 1265 2826 in
1288 2806 1344 2826 sua
1367 2804 1511 2827 maneant
1532 2799 1691 2836 firmitate.
1714 2801 1816 2830 Sulcis
1835 2807 1861 2830 et
1884 2805 2046 2833 reservatis
2068 2807 2151 2835 nobis
2170 2811 2197 2836 et

1226 2850 1376 2887 predictis
1395 2851 1548 2880 ,Ianuario
1568 2857 1594 2880 et
1615 2853 1747 2890 pupillis
1759 2855 1887 2890 juribus
1904 2857 2046 2886 omnibus
2065 2867 2121 2895 que
2138 2860 2195 2888 lta-

1230 2903 1332 2931 bemus
1353 2912 1371 2932 a
1392 2905 1584 2933 carbonariis
1607 2906 1704 2942 ipsius
1726 2908 1846 2943 qironis
1868 2914 1952 2937 extra
1977 2919 2033 2946 per
2059 2917 2193 2941 castrum

1231 2955 1350 2983 Giraldi
1368 2960 1392 2984 et
1413 2956 1607 2992 districtum,
1631 2958 1766 2987 videlicet
1791 2961 1823 2988 in
1839 2960 2029 2997 hominibus,
2047 2965 2193 2999 servitiis,

1231 3008 1331 3043 terris,
1362 3008 1471 3043 cineis,
1500 3009 1602 3043 silvis,
1628 3011 1715 3045 casis,
1742 3012 1903 3046 casalinis,
1924 3015 2055 3049 pascuis,
2082 3018 2193 3052 pratis,

101 2969 171 2996 dent
186 2977 220 2995 au
238 2977 309 3003 pape
326 2968 465 3002 Gregoire
478 2967 533 3001 IX,
550 2970 716 3003 represent&
732 2977 781 3003 par
796 2969 821 2994 le
837 2972 951 2994 rectem·
965 2968 1107 3001 Alam-ino,

102 3017 166 3044 leur
180 3017 277 3043 moitit’z
291 3016 328 3043 du
344 3017 466 3043 chateau
482 3015 517 3042 de
533 3016 644 3043 Gualdo
662 3015 820 3049 (Cattaneo)
838 3024 909 3050 pour
925 3024 981 3042 une
998 3024 1108 3042 somme

102 3065 138 3091 de
153 3065 203 3093 300
221 3065 307 3091 livi-cs
322 3065 500 3099 lucquoises.
1230 3060 1409 3096 aquimolis,
1435 3061 1626 3097 molendinis,
1651 3063 1793 3097 ecclesiis,
1809 3065 1972 3101 passagiis.
1987 3067 2153 3102 plazaticis
2170 3073 2195 3097 et
