2392 3571
158 333 217 363 582
700 331 750 359 LE
774 330 915 359 LIBER
938 328 1169 359 CENSUUM
1191 329 1245 358 DE
1268 319 1453 358 L'EGLISE
1475 327 1683 358 ROMAINE.

232 398 263 424 In
281 397 393 423 nomine
414 397 542 429 Domini,
559 404 651 423 amen.
675 396 759 422 Anno
783 395 896 422 Domini
916 394 1151 427 MCCXXXVH,

196 446 349 473 indictione
366 445 418 478 XI,
432 450 556 479 tempore
568 444 674 470 domini
691 443 822 478 Gregorii
837 443 921 470 VIIII
933 452 1003 478 pape
1014 452 1087 470 anuo
1099 443 1152 476 XI,

195 494 321 520 secunda
341 493 385 519 die
406 498 527 519 exeunte
546 501 643 519 mense
657 492 770 526 aprelis.
797 492 893 518 Pateat
912 492 1045 518 omnibus
1062 492 1154 518 mani-

197 543 268 569 feste
289 542 363 576 quod
386 541 519 567 dominus
535 540 683 566 Hubaldus
699 540 787 574 judex
808 540 986 567 Gallurensis
1007 544 1033 567 et
1055 540 1153 566 Turri-

197 595 282 617 tanus
298 595 324 616 et
340 590 472 616 dominus
490 589 590 615 Petrus
604 589 695 623 judex
714 589 842 615 Arboree
858 589 891 615 de
907 589 1040 615 omnibus
1057 589 1154 615 litibus

199 644 228 665 et
238 637 440 665 controversiis
451 646 506 671 que
518 637 700 663 vertebantur
713 637 846 663 intereos
860 639 976 671 prestito
990 638 1154 671 juramento

197 688 263 713 hinc
288 687 352 712 inde
375 689 402 711 et
427 694 498 720 pena
522 685 671 711 duodecim
696 686 804 711 milium
831 687 1008 712 marcharum
1025 688 1154 721 apposita

199 736 456 770 compromiserunt
479 734 506 760 in
529 735 697 768 magistrum
717 734 910 761 Alexandrum
931 735 1106 769 capellanum
1128 739 1156 761 et

199 785 323 818 legatum
341 783 495 817 apostolice
510 782 586 808 sedis
602 787 629 808 et
644 783 836 817 promiserunt
852 784 1003 809 observare
1019 784 1154 818 quicquid

195 832 341 867 predictus
358 831 492 864 magister
508 830 669 856 Alexander
685 831 817 857 intereos
829 830 946 857 duceret
962 832 1154 858 arbitrandum

193 881 238 907 vel
253 879 446 907 statuendum.

234 930 337 956 Actum
356 929 380 954 in
398 929 519 955 confinio
533 928 680 963 judicatus
696 928 877 955 Turi-itaniet
894 930 1032 961 Arboree,
1051 930 1076 955 in
1094 930 1154 955 loco

199 977 547 1013 quidiciturLucentimis‚
560 985 654 1003 coram
666 977 976 1012 subscriptistestibus,
990 978 1154 1005 videlicet...

200 1027 335 1062 episcopo
350 1026 540 1061 Empuriensi,
602 1027 737 1060 episcopo
754 1026 856 1052 Sancte
872 1026 956 1052 Juste
1020 1028 1155 1061 episcopo

199 1076 322 1106 Bosano,
388 1076 488 1101 abbate
511 1075 544 1100 de
569 1074 714 1107 Saccaria,
778 1075 811 1100 de
828 1075 945 1106 Falesia,
1013 1076 1105 1109 priore
1121 1075 1155 1101 de

200 1124 394 1154 Eunai-canto,
481 1125 573 1158 priore
600 1123 789 1156 Gisaiclensi,
814 1125 948 1157 magistro
976 1124 1152 1155 Benencasa,

199 1173 356 1199 Benedicto
372 1173 475 1198 clerico
491 1172 524 1198 de
541 1172 648 1202 Alatro,
668 1172 774 1203 Truffn,
792 1172 894 1204 lldece,
913 1172 1112 1199 Bai-tholomeo
1128 1177 1155 1199 et

199 1221 353 1251 Guantino,
371 1226 399 1248 et
414 1222 476 1247 aliis
493 1222 588 1247 multis
604 1221 717 1247 clericis
733 1226 759 1247 et
776 1222 873 1256 laycis.

233 1270 293 1304 Ego
317 1270 473 1303 Gregorius
494 1275 676 1295 sacrosancte
699 1270 825 1296 Romane
841 1271 961 1296 ecclesie
978 1271 1153 1304 scriniarius,

198 1321 234 1345 dc
257 1319 386 1345 mandato
411 1319 478 1344 dicti
505 1319 588 1351 legati
609 1323 636 1344 et
658 1319 804 1345 voluntate
827 1321 945 1354 partium
971 1321 1023 1346 hoc
1048 1322 1155 1346 insu-u-

200 1373 328 1395 mentum
354 1368 456 1402 scripsi
480 1373 507 1394 et
533 1369 672 1401 complevi
697 1376 816 1402 meoque
838 1370 920 1402 signo
945 1370 1054 1403 signavi
1079 1375 1106 1396 et
1127 1371 1155 1396 in

195 1417 336 1452 publicam
354 1417 469 1442 formam
486 1416 592 1450 redegi.

231 1465 267 1492 Et
281 1474 333 1499 ego
352 1465 486 1490 Nic-olaus
500 1464 679 1491 FerentinuS.
692 1470 790 1491 sancte
804 1466 931 1492 Romane
947 1466 1066 1492 ecclesie
1083 1467 1155 1493 scri-

199 1514 318 1546 niarius,
336 1515 410 1539 sicut
425 1514 520 1539 inveni
535 1513 561 1539 in
577 1513 703 1547 predicto
718 1514 829 1548 publico
846 1517 872 1540 et
889 1515 1032 1541 autentico
1050 1516 1156 1541 instru-

199 1567 305 1595 mento,
324 1563 359 1588 ita
376 1562 494 1588 fideliter
509 1563 666 1596 exemplavi
683 1567 710 1588 et
725 1563 838 1596 signum
856 1563 921 1590 feci.

166 1715 402 1749 {CCCXXXIVL
422 1731 453 1735 —-
475 1715 600 1743 Laeuus
621 1725 714 1743 nomini
735 1725 801 1742 PAPE
824 1726 877 1742 TAM
897 1726 929 1743 i-„x
949 1726 1052 1744 orricio
1074 1727 1157 1744 LhGA-

197 1773 285 1791 ‘rionis
311 1773 383 1793 onan
410 1773 443 1790 ex
468 1773 652 1791 COMPROMiSSO
677 1773 761 1791 moro
787 1774 811 1791 ix
841 1774 893 1792 »21:31
926 1775 974 1792 mn
1004 1775 1157 1794 pnecewrun

199 1822 302 1841 mercii
318 1822 446 1840 murinus
467 1823 500 1840 oi:
523 1822 662 1841 semanno
679 1823 880 1841 onmmuonen
899 1824 968 1841 SUAM
987 1824 1125 1842 neeman
1138 1818 1156 1842 ¹.

231 1916 251 1948 ἦ·
270 1914 301 1940 In
326 1916 437 1941 nomine
454 1916 559 1941 domini
584 1916 674 1942 nostri
694 1916 765 1942 Jesu
787 1916 905 1943 Clu-isti.
922 1916 983 1942 Hoc
1002 1922 1045 1943 est
1060 1925 1159 1943 exem-

198 1964 274 1998 plum
291 1964 438 1998 cujusdam
457 1965 560 1999 publici
577 1966 758 1991 instrumenti
775 1966 862 1999 liujus
876 1967 983 1992 tenoris
999 1976 1005 1992 ι

234 2011 265 2038 In
289 2013 402 2038 nomine
425 2013 554 2044 Domini,
571 2022 664 2040 amen.
686 2014 772 2040 Anno
789 2014 903 2040 Domini
920 2014 1157 2048 MCCXXXVH,

200 2061 354 2087 indictione
369 2061 419 2094 XI,
434 2068 559 2096 tempore
577 2063 682 2088 domini
695 2062 827 2096 Gregorii
841 2062 923 2089 vnn
937 2072 1006 2098 pape
1018 2072 1091 2090 anno
1105 2063 1157 2095 XI,

201 2111 326 2137 secunda
348 2111 392 2137 die
413 2116 536 2137 exeunte
553 2120 650 2138 mense
666 2112 781 2146 aprelis.
806 2112 904 2138 Pateat
919 2113 1053 2138 omnibus
1070 2113 1160 2139 mani-

198 2159 273 2186 festo
299 2159 373 2193 quod
398 2160 533 2193 magister
564 2160 728 2186 Alexander
754 2161 917 2195 capellanus
944 2161 1050 2187 domini
1076 2170 1157 2196 pape,

202 2208 360 2242 apostolice
375 2208 452 2234 sedis
468 2209 588 2242 legatus,
605 2214 661 2235 tam
679 2218 713 2235 ex
734 2209 824 2236 officio
842 2209 993 2243 legationis
1009 2210 1063 2236 sibi
1079 2218 1160 2236 eom-

199 2257 288 2283 misse
303 2266 386 2291 quam
404 2266 438 2283 ex
454 2259 708 2292 compromissione
725 2259 751 2284 in
770 2267 834 2285 eum
850 2259 922 2285 facta
934 2281 940 2292 ‚
962 2261 1089 2294 precepit
1108 2260 1159 2286 do-

199 2307 276 2332 mino
302 2305 430 2332 Hubaldo
452 2307 542 2340 judici
575 2307 735 2334 Gallurensi
765 2312 794 2334 ct
819 2307 970 2334 Turritano
995 2312 1023 2334 et
1044 2309 1159 2336 domino

199 2353 285 2380 Petro
303 2355 394 2388 judici
415 2355 543 2381 Arboree
562 2356 616 2381 sub
635 2355 730 2382 debito
752 2355 861 2391 prestiti
878 2357 1049 2390 juramenti,
1069 2358 1159 2392 primo

204 2402 335 2428 videlicet
361 2403 436 2429 illius
459 2403 533 2437 quod
563 2404 748 2438 prestiterunt
772 2405 797 2431 ei
822 2404 856 2431 de
880 2405 1003 2440 parendo
1025 2406 1159 2433 omnihus

162 2582 338 2616 d’Arborea,
359 2583 393 2610 ‘29
409 2585 477 2610 avril
496 2584 572 2611 1‘237.
594 2599 627 2604 —
650 2584 801 2618 Mai-mori,
818 2587 893 2618 Ant„
911 2589 930 2613 t.
948 2585 1003 2620 VI,
1021 2595 1048 2621 p.
1066 2586 1108 2614 93.
1125 2601 1160 2607 —

163 2630 219 2656 Les
230 2632 317 2665 juges
336 2631 371 2657 de
391 2631 495 2658 Torres
510 2636 538 2659 et
553 2633 710 2659 d'Arborea
725 2633 907 2668 s’engagent,
927 2643 975 2669 par
991 2639 1117 2661 serment
1132 2639 1161 2662 et

163 2686 234 2705 sous
256 2680 337 2713 peine
358 2679 392 2705 de
414 2680 510 2711 1‘2,000
531 2689 633 2712 mares,
654 2683 668 2706 a
691 2686 822 2716 accepter
845 2682 1006 2717 l'arbitrage
1028 2684 1065 2710 du
1084 2684 1160 2718 legat

162 2727 326 2753 Alexandre
343 2736 414 2762 pour
429 2732 494 2754 tous
510 2728 586 2754 leurs
602 2729 764 2756 differends.

201 2775 226 2800 ¹.
249 2774 341 2801 Meme
364 2776 488 2807 localite,
511 2776 544 2803 ‘29
564 2777 633 2803 avril
654 2777 728 2804 1‘237.
751 2793 783 2797 —
804 2778 955 2810 Muratori,
972 2781 1048 2814 Ant„
1064 2786 1084 2807 t.
1101 2779 1158 2813 VI,

165 2831 194 2856 p.
210 2823 254 2849 23.
271 2838 303 2842 —-
324 2823 362 2849 Le
383 2824 456 2858 legat
476 2824 639 2851 Alexandre
663 2826 789 2852 ordonne
808 2836 863 2853 aux
881 2829 969 2862 juges
988 2829 1023 2855 de
1038 2829 1161 2857 Terres-

166 2869 281 2896 Gallure
296 2875 324 2897 et
340 2871 497 2898 d'Arborea
511 2873 545 2898 de
562 2872 820 2900 s'entre-de'iendre
836 2879 864 2901 et
879 2876 913 2902 de
928 2885 959 2902 se
976 2878 1076 2904 rendre
1096 2887 1160 2906 mu-

166 2918 333 2945 tuellemcnt
348 2920 388 2945 les
404 2920 506 2946 choses
522 2921 569 2955 qui
587 2922 749 2955 pourraient
762 2923 821 2950 eti-c
835 2925 930 2951 volees
945 2925 1015 2952 dans
1029 2927 1069 2953 les
1085 2927 1157 2954 deux

164 2967 370 3002 principantes.

1270 394 1410 420 mandatis
1425 394 1531 420 domini
1549 403 1618 429 pape
1630 399 1657 420 et
1673 394 1739 420 dicti
1755 393 1838 428 legati
1853 393 2032 427 generaliter,
2045 402 2113 428 pure
2125 397 2153 420 et
2164 393 2227 420 sine

1269 442 1436 469 condicione
1451 443 1554 477 aliqua,
1567 447 1594 469 et
1605 443 1722 469 alterius
1733 441 1892 476 juramenti
1907 442 2017 468 scilicet
2029 441 2104 476 quod
2121 442 2226 476 premi<

1270 494 1365 516 terunt
1386 490 1421 521 ei,
1448 490 1474 516 in
1496 499 1552 525 quo
1574 490 1766 525 promiserunt
1786 490 1938 516 observare
1953 494 2011 515 eta
2027 489 2088 515 suis
2104 489 2227 516 subditis

1270 538 1361 565 facere
1383 539 1528 565 observari
1549 538 1683 573 quicquid
1708 538 1741 564 de
1763 539 1966 564 controversiis
1982 538 2044 564 sive
2060 538 2157 564 litibus
2173 546 2228 572 que

1270 588 1341 614 inter
1357 596 1406 613 eos
1418 588 1600 614 vertebantur
1616 587 1732 613 duceret
1751 587 1811 621 ipse
1828 586 2022 613 arbitrandum
2039 587 2081 612 vel
2098 590 2227 613 statuen-

1269 635 1354 669 dum,
1381 635 1455 669 quod
1480 635 1563 661 iidem
1586 635 1699 670 judices
1725 635 1846 662 ulterius
1873 635 1981 661 firmam
2010 640 2036 661 et
2064 639 2228 669 perpetuam

1270 692 1368 718 pacem
1394 684 1466 710 inter
1490 692 1520 710 se
1543 685 1688 710 habebunt
1710 688 1737 709 et
1761 684 1879 710 firmiter
1903 692 1964 709 eam
1988 683 2180 709 observabunt
2202 688 2229 708 et

1270 733 1373 761 sacient
1396 742 1410 758 a
1426 734 1488 760 suis
1511 733 1632 759 subditis
1653 733 1851 759 inviolabiliter
1868 732 2023 759 observari.
2048 731 2083 758 Et
2103 733 2230 767 precepit

1266 782 1358 817 judici
1388 781 1518 808 Hubalzlo
1545 786 1574 808 ut
1600 783 1681 815 juvet
1698 781 1825 815 judicem
1852 780 1967 807 Petrum
1994 785 2091 807 contra
2116 788 2228 806 omnem

1272 831 1425 863 hominem,
1442 834 1561 865 excepto
1578 830 1707 856 Romano
1721 830 1862 864 pontifice,
1878 833 1905 855 et
1916 829 2048 855 defendat
2061 837 2125 855 eum
2138 832 2166 855 et
2178 832 2230 854 ter-

1272 889 1329 906 ram
1342 880 1490 914 judicatus
1503 880 1630 905 Arbor-ee
1646 888 1710 905 cuni
1723 888 1844 913 persona
1856 887 1907 905 sua
1923 883 1950 904 et
1962 879 2047 904 rebus
2058 883 2159 904 etcum
2172 881 2228 904 tota

1272 929 1352 955 sortia
1368 938 1419 954 sua
1436 932 1463 954 et
1480 932 1537 954 toto
1554 936 1638 962 posse
1654 936 1717 954 suo.
1741 927 1775 953 Et
1795 927 1881 953 simili
1899 927 1981 953 modo
2001 927 2126 961 precepit
2139 927 2229 961 judici

1272 978 1355 1003 Petro
1383 982 1411 1003 ut
1437 978 1520 1011 juvet
1541 976 1668 1010 judicem
1695 975 1855 1001 Hubaldum
1881 980 1978 1001 contra
2001 983 2113 1001 omnem
2139 975 2230 1000 homi-

1272 1036 1343 1057 nem,
1362 1030 1482 1060 excepto
1501 1026 1628 1051 Romano
1645 1025 1793 1059 pontifice,
1811 1029 1839 1050 et
1857 1024 1988 1050 defendat
2004 1032 2068 1049 eum
2085 1027 2112 1049 et
2127 1028 2228 1049 tei-ram

1271 1077 1376 1110 ipsius,
1394 1075 1525 1100 videlicet
1541 1074 1688 1108 judicatus
1711 1073 1887 1099 Gallurensis
1905 1076 1933 1098 et
1948 1071 2105 1104 Tui-titani,
2122 1073 2149 1098 in
2167 1080 2231 1106 per-

1271 1132 1341 1150 sona
1357 1127 1385 1149 et
1410 1124 1494 1149 relius
1513 1131 1577 1148 cum
1595 1126 1651 1147 tota
1669 1122 1749 1147 fortia
1765 1129 1817 1146 sua
1834 1124 1861 1146 et
1877 1124 1935 1146 toto
1953 1128 2037 1154 posse
2060 1128 2123 1146 suo.
2146 1119 2231 1146 Insu-

1272 1182 1321 1207 per
1346 1173 1471 1207 precepit
1491 1172 1563 1197 idem
1588 1171 1698 1204 legatus
1720 1174 1750 1195 ut.
1774 1170 1796 1194 si
1818 1178 1874 1204 qua
1898 1169 2000 1194 furtiva
2022 1169 2062 1193 vel
2086 1168 2177 1194 ablata
2198 1168 2232 1194 de

1272 1223 1354 1247 bonis
1367 1221 1515 1255 judicatus
1532 1220 1659 1246 Arimi-oe
1677 1220 1701 1244 in
1722 1219 1851 1253 judicatu
1868 1218 2017 1244 Turritano
2039 1218 2152 1243 inventa
2167 1217 2232 1243 fne-

1273 1272 1344 1301 rint,
1369 1275 1517 1304 postquam
1541 1269 1623 1294 fuerit
1651 1267 1797 1301 cognitum
1820 1267 1863 1292 vel
1880 1267 2042 1301 probatum,
2060 1266 2122 1300 ipse
2141 1266 2229 1301 judex

1270 1319 1441 1344 Turritanus
1462 1318 1577 1343 reddere
1601 1317 1643 1342 vel
1662 1317 1753 1342 facero
1771 1316 1849 1342 reddi
1866 1320 2005 1342 teneatur.
2030 1315 2062 1341 Et
2086 1316 2137 1341 lioc
2156 1315 2229 1341 ideni

1274 1367 1398 1402 precepit
1411 1366 1501 1400 judici
1516 1365 1598 1391 Petro
1614 1366 1750 1397 Arborem
1763 1365 1871 1390 scilicet
1889 1368 1919 1390 ut
1933 1372 2113 1398 quecumque
2129 1364 2232 1390 furtiva

1273 1416 1315 1441 vel
1338 1416 1428 1441 ablata
1450 1416 1484 1439 (le
1508 1414 1590 1439 bonis
1608 1414 1755 1447 judicatus
1775 1413 1917 1439 Turritani
1941 1412 1984 1438 vel
2005 1412 2183 1438 Gallurensis
2205 1411 2230 1437 iu

1270 1465 1397 1499 judicatu
1409 1462 1565 1489 Arborensi
1577 1462 1690 1488 inventa
1701 1462 1817 1493 fuerint,
1831 1466 1978 1495 postquam
1992 1461 2231 1494 fueritcognitum

1274 1515 1316 1540 vel
1345 1514 1508 1548 probatum,
1534 1513 1595 1547 ipse
1620 1511 1707 1546 judex
1732 1511 1904 1537 Arborensis
1929 1510 2045 1535 reddere
2069 1509 2111 1534 vel
2142 1509 2233 1535 sacer(-

1273 1563 1351 1589 reddi
1376 1565 1514 1588 teneatur.
1547 1560 1608 1592 Que
1636 1561 1729 1585 omnia
1756 1560 1838 1585 ambo
1869 1562 2090 1593 acceptaverunt
2117 1561 2145 1584 et
2174 1562 2232 1583 rata

1273 1611 1434 1637 habuerunt
1454 1615 1481 1636 et
1505 1618 1553 1644 per
1576 1608 1671 1634 omnia
1693 1608 1846 1641 adimplere
1870 1608 2062 1641 promiserunt
2085 1607 2139 1632 sub
2164 1614 2234 1640 pena

1273 1660 1409 1694 superius
1430 1658 1576 1692 apposita,
1595 1657 1726 1683 videlicet
1748 1656 1897 1682 duodecim
1924 1655 2031 1681 milium
2057 1654 2232 1681 marcharum

1273 1709 1395 1744 argenti,
1410 1708 1492 1734 cuius
1506 1715 1575 1741 pene
1588 1706 1725 1732 medietas
1739 1705 1808 1740 parti
1824 1705 1965 1739 promissa
1980 1705 2115 1737 servanti,
2129 1703 2233 1738 reliqua

1274 1766 1341 1784 vero
1358 1757 1390 1783 ad
1409 1757 1564 1783 Romanam
1582 1755 1730 1781 ecclesmin
1746 1754 1922 1779 devolvatur.

1310 1808 1415 1832 Actum
1439 1805 1466 1831 in
1490 1805 1611 1830 confinio
1629 1803 1775 1837 judicatus
1790 1801 1933 1828 Turi-ilani
1955 1805 1982 1827 et
1997 1801 2125 1827 Arboree
2140 1808 2234 1826 coram

1275 1854 1448 1881 subscribtis
1464 1853 1596 1883 testibus,
1615 1852 1746 1877 videlicet
1762 1851 1896 1885 episcopo
1914 1849 2142 1884 Einpuriensi,...
2158 1850 2234 1883 epis-

1275 1912 1346 1939 copo
1364 1904 1467 1929 Sancte
1483 1901 1612 1932 ansteum
1629 1901 1764 1934 episcopo
1781 1899 1905 1928 Rosano,
1925 1918 1942 1924 ..
1960 1898 2061 1923 abbate
2077 1899 2110 1923 de
2133 1898 2234 1923 Sacca-

1276 1954 1360 1986 ria‚...
1378 1952 1477 1977 abbate
1494 1952 1527 1976 do
1545 1950 1699 1981 Falesi;1,..-
1725 1950 1816 1983 priore
1837 1948 1870 1973 de
1892 1947 2117 1975 Bonarcanto....
2143 1946 2235 1980 priore

1275 2001 1467 2032 Gisarclensi⁷
1502 2000 1637 2033 magistro
1671 1998 1836 2023 Benencasa
1848 2018 1854 2030 ‚
1884 1996 2038 2022 Benedieto
2067 1996 2171 2022 clerico
2200 1995 2235 2020 de

1276 2051 1384 2082 Alatro,
1409 2049 1520 2081 Tmffa,
1547 2048 1649 2077 lidi—ce,
1677 2046 1875 2072 Bartholomeo
1900 2050 1926 2071 et
1951 2044 2097 2071 Guantino
2122 2048 2150 2069 et
2173 2043 2236 2069 aliis

1276 2099 1372 2125 multis
1388 2099 1501 2125 clericis
1516 2101 1543 2123 et
1559 2097 1657 2131 laycis,
1675 2095 1702 2121 in
1720 2095 1781 2121 loco
1796 2095 1845 2128 qui
1859 2093 1964 2120 dicitur
1981 2093 2145 2119 Lucentina.

1310 2148 1372 2182 Ego
1396 2146 1554 2181 Gregorius
1574 2148 1755 2171 sacrosancte
1777 2143 1903 2169 Romane
1925 2142 2046 2168 ecclesie
2069 2141 2237 2167 scriniarius

1276 2198 1310 2223 de
1333 2196 1464 2222 mandato
1487 2194 1553 2221 dicti
1576 2194 1660 2228 legati
1676 2197 1704 2219 et
1724 2193 1869 2218 voluntate
1892 2191 2030 2226 partium,
2054 2191 2107 2216 hoc
2128 2191 2235 2216 instru-

1277 2251 1404 2272 mentum
1427 2244 1530 2271 scribsi
1555 2248 1583 2269 et
1607 2243 1746 2277 complevi
1771 2249 1892 2275 meoque
1915 2241 1999 2274 signo
2024 2240 2136 2274 signavi
2160 2243 2188 2265 et
2208 2239 2235 2265 in

1277 2295 1418 2330 publicam
1434 2294 1551 2319 sormam
1570 2291 1675 2325 redegi,
1692 2296 1720 2317 et
1740 2289 1873 2316 omnibus
1889 2289 2094 2323 suprascriptis
2110 2287 2234 2315 interfui.

1311 2343 1346 2369 Et
1361 2352 1414 2377 ego
1430 2341 1566 2368 Nicotaus
1583 2339 1752 2366 Fen-cutinus
1768 2341 1867 2365 sancte
1884 2337 2012 2364 Romane
2027 2336 2150 2363 ecclesie
2165 2336 2236 2363 scri—

1277 2392 1396 2424 niarius,
1414 2392 1490 2417 sicut
1503 2389 1597 2416 inveni
1614 2389 1642 2414 in
1657 2387 1783 2423 predicto
1799 2387 1913 2422 publico
1927 2389 1953 2412 et
1969 2385 2114 2412 autentico
2129 2385 2237 2410 instru-

1277 2444 1388 2473 mento,
1405 2440 1444 2466 ita
1460 2439 1580 2465 fideliter
1595 2437 1754 2472 exemplavi
1769 2440 1797 2462 et
1813 2436 1927 2470 signum
1944 2434 2007 2461 feci.

1245 2594 1465 2630 [CCCXXXVJ.
1487 2608 1519 2613 —
1539 2593 1646 2620 Census
1660 2599 1743 2619 Tmou
1758 2597 2003 2617 mmmm-monum
2018 2596 2080 2615 Auni
2099 2588 2237 2614 Arosnvo-

1276 2653 1331 2673 mm
1345 2653 1396 2671 pao
1411 2651 1512 2670 cas'rno
1528 2651 1562 2669 m:
1578 2642 1722 2668 Aom’rico
1737 2639 1950 2666 Mimmussusis
1963 2644 2082 2664 DIOCESlS
2095 2640 2113 2663 ¹.

1293 2747 1326 2774 ln
1342 2746 1393 2773 Dei
1407 2746 1532 2779 nomine,
1545 2752 1639 2770 amen.
1656 2743 1740 2769 Anno
1756 2741 1863 2768 domini
1876 2740 2027 2767 millesimo
2040 2739 2239 2766 ducentesimo

1276 2930 1301 2956 1.
1319 2929 1410 2963 Lyon,
1431 2927 1459 2954 ‘21
1485 2927 1538 2953 mai
1556 2927 1632 2953 1247.
1653 2939 1689 2945 —
1708 2923 1858 2957 Mun-amri,
1875 2924 1951 2955 Ant,
1973 2925 1994 2949 t.
2010 2920 2052 2954 11,
2075 2929 2100 2955 p.
2120 2920 2180 2946 785.
2202 2932 2236 2938 --

1240 2977 1332 3004 Autre
1347 2977 1479 3003 ecriture.
1498 2974 1660 3009 Raymond,
1677 2974 1812 3007 seigneur
1826 2971 1861 2998 de
1876 2970 2002 3005 Ganges,
2019 2977 2056 2995 au
2070 2968 2186 2995 diocese
2202 2967 2238 2992 dt·
