2392 3571
667 357 716 387 LE
740 356 885 386 LIBER
907 353 1137 385 CENSUUM
1160 354 1214 383 DE
1237 342 1422 382 L’EGLISE
1444 350 1651 380 ROMAINE.
2133 346 2189 376 563

160 426 287 453 servabit
303 434 336 452 ac
351 424 525 460 adimplebit,
542 423 678 458 obligavit
693 431 723 449 se
739 423 854 449 domino
871 429 941 457 pape
956 425 984 447 et
999 420 1121 447 ecclesie

160 474 290 502 Romane
305 475 333 500 in
351 482 452 508 penam
468 473 588 500 duorum
604 472 710 498 milium
727 471 861 497 librarum
878 470 931 496 sub
948 469 1121 503 obligatione

160 523 248 550 castri
273 522 319 549 sui
343 522 454 549 Olibani
475 525 504 548 et
526 521 653 547 omnium
676 520 795 546 aliorum
824 519 962 545 bonorum
990 525 1120 544 suorum.

161 572 268 598 Actum
289 571 380 597 Rome
402 571 431 596 in
452 569 536 596 domo
551 568 658 595 domini
680 567 812 594 Riccardi
830 567 905 593 Petri
925 567 959 592 de
974 565 1121 599 Jaquinto‚

163 619 346 655 presentibus
361 619 447 644 fratre
465 617 613 652 Raynucio
629 624 777 651 campsore
793 623 906 641 camere
919 615 1026 640 domini
1037 621 1122 648 pape,

162 668 278 694 domino
293 667 423 693 Johanne
438 665 620 692 Trasimundi
635 665 669 690 de
680 664 812 696 olibano,
824 663 938 689 domino
952 663 1035 688 Petro
1048 662 1124 688 dicto

162 716 287 742 Tineoso
301 715 336 741 de
348 714 491 748 Anagnia,
507 713 653 747 Stephano
668 712 774 742 Alexii,
787 711 918 737 Johanne
932 711 1007 736 dicto
1019 710 1123 742 Judeo,

163 768 193 791 et
216 763 299 790 Petro
322 763 398 789 dicto
422 762 511 794 Patio,
534 761 648 787 civibus
664 760 821 793 Romanis;
847 759 955 786 Jacobo
978 759 1013 785 de
1038 759 1125 785 Podio

163 813 308 840 serviente
328 811 435 837 domini
457 818 526 845 pape
546 814 574 836 et
594 809 736 843 Raynerio
756 809 818 835 cive
842 808 980 838 Senensi,
1003 808 1126 834 testibus

163 862 281 895 rogatis.

198 909 234 935 Et
254 917 307 943 ego
328 908 465 934 Nicolaus
486 906 672 938 Faventinus,
694 909 791 931 sancte
814 905 943 931 Romane
963 905 1084 930 ecclesie
1100 908 1128 930 et

163 966 277 985 camere
292 957 398 983 domini
416 964 486 990 pape
501 954 680 987 scriniarius,
697 955 725 980 in
740 955 785 987 cuj
793 961 825 980 us
841 953 984 988 presentia
1000 953 1052 978 bec
1067 957 1128 978 acta

164 1011 243 1036 sunt,
262 1009 379 1040 rogatus
394 1005 420 1031 in
440 1004 582 1039 publicam
600 1004 717 1029 sormam
734 1002 838 1036 scripsi
854 1006 881 1028 et
897 1002 1011 1036 signum
1027 1001 1091 1028 reci.

132 1160 309 1195 1CCXC1X1.
327 1173 362 1180 -
381 1159 592 1186 lssmcummu
610 1166 744 1188 QUALiTEn
762 1166 787 1183 m
806 1165 906 1183 casa-no
926 1155 1018 1182 Pam-xa
1036 1164 1129 1183 sanem

164 1209 302 1236 JOHANNJS
329 1208 452 1235 Finuixs
481 1216 601 1235 DlOCEStS
627 1216 654 1233 m
681 1206 808 1233 Maricam
837 1206 1016 1233 Aseni-uum
1043 1214 1130 1232 DEBET

165 1267 229 1285 assa
249 1266 332 1285 noem
353 1266 401 1284 seu
421 1264 533 1284 nummo
553 1264 604 1282 nno
624 1264 749 1282 acccesnx
771 1254 891 1281 Romxi
917 1263 950 1281 na
970 1262 1129 1281 rocosum

166 1314 323 1333 spon-rausa
343 1314 472 1333 nomnium
493 1313 525 1331 ετ
544 1313 661 1331 PEDtTUM
681 1312 765 1330 IPstUs
785 1305 907 1330 casrm¹⁸

201 1407 235 1435 In
259 1407 310 1433 Dei
334 1408 462 1439 nomine,
479 1415 572 1433 amen.
589 1407 675 1432 Anno
692 1405 806 1432 Domini
823 1406 972 1432 millesimo
993 1406 1131 1432 ducente-

167 1457 242 1483 simo
257 1456 497 1490 quinquagesimo
513 1455 651 1484 secundo,
670 1454 698 1480 X
716 1455 886 1488 indictione,
903 1454 948 1480 die
963 1453 1044 1480 Jovis
1063 1453 1132 1480 VIII

167 1505 294 1531 intrante
319 1509 444 1538 augusto
456 1526 462 1534 ,
488 1503 563 1538 apud
589 1508 714 1529 montem
740 1502 838 1528 Penne
862 1503 954 1529 sancti
979 1502 1130 1535 Jobannis,

168 1557 298 1588 tempore
314 1553 421 1579 domini
445 1552 606 1578 Innocentii
623 1561 693 1587 pape
713 1552 820 1586 quarti,
840 1552 1022 1585 presentibus
1037 1551 1132 1577 donno

168 1601 301 1629 Johanne
326 1601 361 1627 de
387 1605 487 1627 sancto
514 1600 669 1634 Gregorio,
696 1600 790 1626 donno
815 1599 947 1626 Johanne
975 1600 1009 1625 de
1034 1605 1133 1626 sancto

169 1651 334 1681 Laurentio,
354 1650 440 1676 Breto
463 1651 512 1684 qui
535 1649 639 1676 dicitur
660 1649 819 1681 Plebanus,
840 1649 934 1675 donno
950 1648 1134 1684 Companono

170 1699 206 1726 de
221 1703 320 1725 sancto
338 1698 549 1729 Bai-tholomeo,
569 1697 697 1724 Ranaldo
714 1698 838 1729 Alberti,
858 1698 994 1731 magistro
1010 1698 1135 1732 Georgio

171 1748 207 1774 de
222 1747 300 1780 Esio,
314 1749 450 1781 magistro
467 1747 634 1773 Adalammo
650 1746 684 1772 de
701 1745 831 1780 Cingulo,
849 1746 950 1772 Nicola
962 1746 1135 1772 Mai-escalco

171 1795 208 1823 de
228 1796 366 1827 Serzana,
390 1795 535 1830 Baldoyno
552 1795 724 1827 Salatinello,
749 1794 891 1821 Servodeo
911 1795 946 1820 de
969 1794 1094 1827 Vezano,
1109 1798 1138 1821 et

171 1845 235 1872 aliis
252 1845 382 1879 pluribus
399 1845 521 1870 testibus
532 1844 566 1869 ad
580 1844 634 1869 hec
645 1844 754 1869 vocatis
765 1848 794 1869 et
806 1843 927 1878 rogatis;
945 1844 1050 1869 ibidem
1066 1852 1138 1869 con-

172 1894 300 1928 gregatis
317 1894 461 1920 universis
477 1893 642 1919 hominibus
662 1892 760 1918 Penne
776 1893 867 1918 sancti
882 1892 1040 1923 «Iohannis,
1059 1893 1138 1918 nobi-

173 1943 250 1969 libus
265 1946 294 1968 et
308 1942 382 1975 aliis,
398 1941 426 1968 in
445 1941 557 1976 publico
574 1941 749 1976 parlamento
761 1949 837 1966 more
854 1942 938 1967 solito
952 1945 1136 1975 congregato,

173 1994 203 2017 et
218 1991 417 2017 universaliter
434 1990 539 2016 ibidem
556 1990 748 2016 existentibus
760 2011 766 2022 ‚
783 1990 896 2016 donnus
911 1989 1061 2016 Walterus
1083 1989 1138 2015 Lu-

175 2039 275 2066 nensis
291 2039 511 2065 archidiaconus
522 2060 528 2069 ,
544 2038 652 2064 domini
668 2046 741 2073 pape
763 2038 940 2072 capellanus,
958 2038 1138 2064 Anconitane

174 2087 303 2114 Marchie
319 2091 420 2121 rector,
438 2087 500 2113 vice
515 2091 543 2112 et
559 2088 674 2113 nomine
691 2086 821 2120 ejusdem
835 2086 943 2112 domini
956 2095 1026 2120 pape
1037 2092 1065 2112 et
1079 2087 1139 2113 Ro-

175 2144 260 2162 mane
276 2136 399 2162 ecclesie
414 2136 501 2167 dixit,
520 2135 680 2170 proposuit,
696 2140 724 2161 et
740 2136 836 2169 petiit,
853 2135 929 2169 quod
945 2143 1001 2167 ενδ,
1018 2135 1139 2169 giurone

176 2188 206 2211 et
219 2185 341 2210 munitm
355 2192 420 2210 cum
434 2184 492 2210 hiis
503 2192 558 2218 que
571 2183 604 2209 ad
617 2184 709 2218 ipsam
723 2184 910 2210 munitionem
923 2188 1064 2218 spectant,
1077 2192 1140 2210 con-

177 2233 313 2260 cederent
324 2233 379 2259 sibi
390 2238 417 2258 et
429 2233 456 2259 in
473 2234 537 2267 ejus
554 2233 728 2267 corporalem
742 2232 955 2266 possessionem
970 2232 1140 2259 inducerent

178 2282 241 2308 vice
262 2286 290 2307 et
310 2282 424 2308 nomine
446 2281 573 2308 Romane
596 2281 717 2307 ecclesie
733 2284 761 2306 et
781 2280 888 2306 domini
904 2289 990 2315 pape;
1007 2281 1072 2315 quia
1088 2281 1139 2307 do-

176 2331 275 2357 minns
292 2339 363 2364 papa
379 2331 492 2356 volebat
506 2337 600 2356 arcem
617 2334 645 2355 et
661 2329 848 2356 munitionem
870 2329 961 2364 ipsam
984 2330 1018 2355 ad
1039 2338 1141 2356 manus

178 2387 249 2406 suas
266 2387 315 2414 pro
331 2379 453 2405 ecclesia
466 2378 596 2405 Romana
607 2379 739 2410 retinere,
756 2382 783 2404 et
799 2378 922 2404 maxime
937 2386 1003 2404 cum
1017 2378 1046 2404 id
1061 2383 1142 2405 tene-

177 2432 278 2456 rentur
299 2429 393 2454 facere
418 2428 548 2454 homines
571 2427 729 2461 supradicti
753 2435 788 2453 ex
811 2426 907 2452 debito
927 2427 1083 2460 juramenti
1106 2427 1141 2453 ab

178 2486 279 2504 eorum
296 2477 416 2512 syndico
431 2477 492 2503 vice
513 2477 639 2502 omnium
658 2476 768 2510 prestiti
784 2484 817 2501 eo
834 2480 962 2510 tempore
977 2477 1052 2510 quo²
1067 2476 1142 2502 idem

180 2527 316 2554 dominus
333 2531 426 2553 rector
447 2526 490 2552 eis
513 2534 620 2552 munus
641 2525 830 2551 absolutionis
851 2525 1028 2559 impenderat
1043 2534 1058 2551 a
1074 2534 1142 2551 sen-

182 2709 207 2735 1.
226 2707 322 2734 Penna
339 2707 368 2734 S.
389 2707 541 2737 Giovanni,
559 2706 574 2732 8
591 2706 658 2732 aout
676 2705 754 2733 1‘25‘2.
769 2719 805 2726 —
820 2705 969 2739 Muratori,
985 2707 1061 2739 Ant.,
1077 2709 1097 2731 t.
1114 2704 1144 2739 I,

144 2766 176 2793 p.
191 2757 254 2784 705.
270 2772 303 2775 —
319 2755 375 2782 Les
395 2755 541 2782 habitants
561 2755 596 2781 de
620 2753 717 2780 Penna
733 2753 966 2785 San-Giovanni,
984 2754 1095 2780 localite
1110 2754 1144 2780 de

145 2806 174 2833 ln
187 2808 343 2839 montagne
358 2805 516 2831 au-dessns
529 2803 564 2830 de
578 2803 691 2835 Fermo¹
709 2803 807 2829 reunis
822 2802 928 2829 devant
942 2803 968 2828 le
984 2808 1095 2830 recteur
1111 2803 1145 2829 de

146 2854 174 2881 la
187 2853 303 2881 Marche
320 2853 484 2887 d’Ancone‚
501 2851 663 2883 Gualterio,
679 2851 854 2878 archidiacre
869 2851 903 2877 de
919 2851 1007 2883 Luni,
1023 2859 1147 2878 consen-

147 2907 210 2931 tent
228 2905 244 2930 a
263 2904 289 2929 la
304 2902 501 2929 construction
521 2901 606 2927 d'une
628 2901 783 2927 forteresse
804 2908 855 2927 sur
874 2900 936 2926 leur
958 2900 1099 2927 territoire
1119 2903 1148 2926 et

147 2957 217 2980 sont
232 2953 376 2979 autorises
390 2952 406 2977 a
421 2959 453 2977 se
468 2951 574 2977 former
589 2958 623 2976 en
640 2957 803 2976 commune.

183 3001 211 3029 2.
228 3001 292 3029 0011.
308 3000 394 3035 qnod.

1236 417 1325 445 tentia
1340 417 1643 443 excommunicationis
1663 417 1690 442 in
1710 424 1760 442 eos
1776 415 1898 450 prolata,
1923 423 1972 449 pro
1992 422 2025 441 eo
2046 414 2121 448 quod
2146 422 2191 439 re-

1239 466 1326 492 belles
1339 465 1490 491 extiterant
1506 464 1559 498 ipsi
1577 464 1697 490 ecclesie
1712 463 1837 490 Romane
1851 467 1878 489 et
1892 463 1983 489 eidem
2000 462 2114 488 domino
2131 470 2192 488 rec-

1237 514 1291 540 tori
1316 517 1344 539 et
1366 514 1431 547 ejus
1451 513 1590 538 mandatis
1614 520 1710 546 parere
1730 516 1941 545 contepserant,
1958 516 1985 536 et
2005 520 2021 537 a
2040 511 2141 537 bannis
2164 514 2193 536 et

1239 563 1320 597 penis
1335 561 1440 596 quibus
1456 560 1624 586 tenebantur
1640 560 1763 594 predicta
1785 561 1935 586 occasione
1952 560 1993 585 vel
2010 560 2061 585 alia
2076 567 2126 585 eos
2141 559 2193 584 ab·

1241 611 1374 637 solverat.
1392 608 1426 635 Et
1438 613 1531 635 utrum
1543 610 1629 634 veiint
1640 609 1776 642 premissa
1789 609 1889 637 facere.
1906 608 1960 633 sibi
1978 607 2191 641 responderent,

1239 663 1267 684 et
1282 658 1401 692 quilibet
1417 664 1514 683 eorum
1531 660 1699 690 potestatem
1717 657 1831 682 liaberet
1847 664 1934 690 super
1950 657 2004 682 biis
2021 655 2192 689 respondere

1240 710 1268 733 et
1282 707 1376 733 dicere
1389 706 1459 731 velle
1474 713 1568 732 suum.
1584 704 1614 730 In
1628 714 1683 739 qua
1698 706 1829 731 contione
1840 713 1890 731 seu
1904 705 2074 739 pat-lamento
2091 704 2195 730 nobilis

1240 755 1283 781 vir
1304 754 1502 780 Monalducius
1522 754 1627 780 domini
1652 754 1809 787 paganelli,
1833 754 1897 779 olim
1921 762 1995 779 unus
2015 762 2049 779 ex
2071 753 2194 778 dominis

1241 804 1309 830 dicti
1325 804 1411 830 castri
1427 811 1477 829 seu
1494 802 1598 833 Penne,
1613 812 1661 836 pro
1677 810 1707 828 sc
1723 806 1750 828 ct
1765 803 1827 828 aliis
1840 803 1981 828 nobilibus
1997 803 2060 835 ejus
2076 810 2193 828 consor-

1241 854 1318 879 tibus
1337 852 1478 886 quondam
1502 852 1624 877 dominis
1644 851 1717 877 dicte
1741 851 1906 877 munitionis
1928 856 1955 877 et
1979 852 2063 876 castri
2088 850 2193 876 ibidem

1242 902 1413 933 astantibus,
1436 901 1559 926 surrexit
1583 904 1608 925 et
1630 901 1701 925 inter
1721 900 1774 925 alia
1794 899 2011 932 concilolnando
2032 899 2101 924 dixit
2121 899 2196 932 quod

1243 950 1371 985 placebat
1392 950 1416 975 ei
1439 953 1467 975 et
1489 948 1630 974 universis
1652 948 1793 974 nobilibus
1815 949 1876 973 suis
1900 947 2098 976 consortibus,
2120 947 2196 981 quod

1244 1000 1384 1034 premissa
1396 997 1517 1023 munitio
1533 1002 1559 1022 et
1569 1002 1694 1022 castrum
1710 1004 1774 1022 cum
1788 1004 1849 1021 suis
1865 996 2042 1030 pertinentiis
2054 995 2087 1021 de
2103 999 2197 1021 cetero

1244 1048 1272 1074 in
1290 1050 1458 1082 perpetuum
1471 1050 1624 1074 teneretur.
1646 1045 1795 1070 baberetur
1812 1049 1838 1070 et
1854 1044 2046 1070 custodiretur
2061 1052 2075 1069 a
2092 1043 2198 1069 nuntiis

1245 1096 1375 1122 Romane
1387 1094 1517 1125 ecclesie,
1526 1098 1553 1120 et
1565 1102 1612 1128 per
1622 1094 1709 1127 ipsam
1724 1093 1814 1126 magis
1825 1101 1907 1126 quam
1921 1101 1970 1126 per
1981 1093 2101 1126 aliquem
2113 1092 2198 1117 alium

1245 1144 1408 1174 dominum,
1426 1150 1574 1177 personam
1595 1142 1636 1166 vel
1658 1141 1888 1171 universitatem3
1906 1140 2091 1174 supplicando
2108 1140 2199 1165 eidem

1245 1193 1360 1219 domino
1376 1191 1494 1224 rectori,
1511 1190 1584 1224 quod
1601 1190 1734 1215 dominus
1751 1198 1820 1224 papa
1836 1194 1863 1215 et
1883 1189 1943 1223 ipsc
1960 1197 2027 1221 erga
2042 1197 2072 1214 se
2088 1193 2115 1214 et
2131 1196 2201 1214 suos

1246 1246 1396 1268 consortes
1412 1239 1634 1265 misericorditer
1651 1246 1682 1264 se
1703 1238 1839 1263 haberent
1855 1242 1881 1263 et
1899 1237 2077 1271 providerent
2093 1236 2200 1262 eisdem

1246 1291 1280 1317 de
1296 1289 1456 1325 premissis,
1473 1293 1500 1314 et
1522 1289 1549 1314 in
1571 1289 1606 1314 iis
1627 1296 1678 1313 sue
1701 1288 1790 1321 gratie
1809 1295 1839 1312 se
1862 1291 2037 1320 supponunt.
2054 1285 2085 1311 In
2103 1286 2202 1311 eodem

1246 1339 1330 1366 etiam
1347 1338 1519 1373 pai-lamento
1536 1337 1661 1362 surrexit
1681 1336 1818 1370 magister
1832 1335 1959 1361 Jacobus
1981 1334 2103 1360 Munaldi
2122 1338 2204 1360 nota-

1247 1389 1318 1419 rius,
1336 1392 1364 1413 et
1377 1387 1489 1412 nomine
1503 1394 1556 1411 suo
1571 1389 1599 1410 et
1614 1384 1741 1410 omnium
1758 1383 1943 1409 masariorum
1960 1391 2011 1408 seu
2027 1383 2203 1416 popularium

1247 1437 1334 1463 castri
1351 1439 1378 1461 et
1393 1434 1446 1460 loci
1463 1433 1583 1468 predicti
1605 1432 1799 1459 concionando
1823 1432 1894 1457 dixit
1915 1431 1989 1465 quod
2008 1431 2133 1464 placebat
2148 1430 2204 1456 sibi

1248 1488 1275 1510 et
1297 1483 1440 1510 universis
1463 1481 1593 1508 masariis
1611 1485 1639 1506 et
1655 1480 1838 1515 popularibus
1853 1484 1881 1505 et
1896 1479 2059 1505 hominibus
2075 1478 2205 1512 ejusdem

1248 1533 1334 1560 castri
1354 1536 1382 1558 et
1402 1532 1455 1557 loci
1479 1531 1554 1565 quod
1575 1530 1649 1556 dicta
1671 1529 1807 1560 munitio,
1831 1533 1956 1555 castrum
1973 1534 2000 1553 et
2015 1528 2111 1558 locus,
2128 1531 2206 1553 esset

1249 1586 1387 1616 perpetuo
1404 1579 1532 1606 Romane
1547 1579 1669 1604 ecclesie
1689 1583 1716 1603 et
1738 1586 1786 1610 pro
1807 1578 1868 1611 ipsa
1887 1577 2093 1607 custodiretur,
2111 1576 2206 1609 possi-

1250 1631 1364 1657 deretur
1385 1634 1413 1655 et
1432 1629 1600 1658 haberetur;
1621 1630 1650 1652 et
1674 1626 1747 1660 quod
1769 1626 1894 1660 predicte
1916 1626 2083 1651 munitionis
2107 1629 2134 1650 et
2153 1624 2207 1650 loci

1251 1672 1407 1714 corporalis
1422 1677 1569 1712 possessio
1590 1676 1623 1701 ab
1640 1675 1738 1701 eodem
1759 1674 1872 1700 domino
1894 1678 2002 1700 rectore
2021 1682 2069 1708 pro
2085 1673 2207 1699 ecclesia

1251 1728 1380 1754 Romana
1395 1724 1693 1760 apprehenderetnret
1703 1722 2051 1754 teneretur,concedendo
2068 1727 2095 1747 et
2111 1726 2207 1747 trans-

1251 1776 1367 1803 ferendo
1390 1775 1417 1800 in
1443 1774 1565 1800 eundem
1592 1773 1736 1797 dominum
1766 1776 1902 1797 rectorem
1927 1779 1976 1804 pro
2004 1770 2124 1795 ccclesia
2150 1770 2208 1795 Ro-

1252 1833 1335 1851 mana
1357 1831 1440 1849 omne
1460 1824 1510 1856 jus
1531 1826 1559 1847 et
1575 1821 1714 1847 actionem
1738 1828 1822 1854 quam
1839 1824 1866 1845 et
1884 1819 1958 1853 quod
1975 1818 2036 1852 ipse
2052 1823 2080 1844 et
2097 1817 2208 1843 masarii

1253 1878 1280 1899 et
1294 1873 1423 1898 homines
1439 1871 1492 1896 loci
1508 1869 1625 1905 predicti
1642 1869 1778 1894 haberent
1793 1869 1836 1893 vel
1853 1868 1956 1893 habere
1974 1867 2083 1900 possint
2099 1867 2125 1892 in
2143 1874 2209 1892 cas-

1253 1926 1296 1948 tro
1313 1925 1340 1947 et
1356 1920 1513 1946 munitione
1531 1918 1664 1953 predicta.
1685 1917 1868 1943 Postmodum
1887 1917 2031 1950 proposito
2054 1916 2088 1940 ab
2110 1915 2209 1940 eodem

1253 1975 1364 1997 rectore
1378 1972 1472 1994 utrum
1485 1967 1629 2002 placerent
1645 1965 1778 1991 omnibus
1795 1964 1828 1989 de
1845 1965 1976 1989 contione
1993 1968 2020 1988 ct
2037 1964 2210 1997 parlamento

1253 2028 1286 2045 ea
1301 2027 1356 2053 que
1371 2016 1515 2052 proposita
1531 2019 1620 2045 erant,
1639 2022 1775 2048 responsa
1791 2017 1818 2039 et
1833 2021 1985 2043 concessa,
2004 2021 2053 2045 per
2070 2011 2212 2046 predictos

1253 2067 1466 2093 Monalducium
1477 2070 1504 2090 et
1516 2065 1682 2098 magistrum
1692 2062 1842 2091 «Iacobum,
1857 2070 1891 2087 an
1907 2061 1989 2086 vellet
2000 2061 2102 2094 aliquis
2113 2068 2211 2086 eorum

1254 2115 1464 2147 contradicere,
1481 2113 1616 2139 omnibus
1632 2112 1665 2137 de
1683 2112 1855 2146 pai-lamento
1872 2111 1984 2135 nemine
2001 2109 2212 2135 contradicente

1255 2165 1424 2200 placuerunt
1447 2162 1572 2197 predicta
1596 2166 1624 2187 et
1648 2169 1680 2186 ea
1705 2159 1949 2194 approbaverunt,
1971 2164 1998 2183 et
2023 2157 2214 2191 promiserunt

1256 2222 1288 2240 se
1303 2213 1331 2239 in
1348 2212 1474 2241 servitio,
1488 2211 1637 2236 devotione
1648 2217 1680 2236 ac
1691 2209 1825 2234 fidelitate
1841 2208 1968 2233 Romane
1981 2207 2101 2233 ecclesie
2119 2214 2167 2240 pro
2184 2214 2214 2231 se

1256 2266 1284 2288 et
1300 2263 1363 2288 suis
1379 2260 1531 2286 heredibus
1550 2262 1685 2293 perpetuo
1702 2264 1914 2292 permansuros,
1931 2261 1958 2281 et
1973 2256 2090 2281 daturos
2105 2255 2130 2279 in
2150 2262 2214 2288 pos-

1256 2315 1349 2338 terum
1367 2318 1482 2344 operam
1499 2312 1527 2334 et
1542 2308 1669 2334 studium
1693 2307 1765 2333 bona
1788 2306 1842 2331 fide
1867 2314 1916 2339 pro
1933 2313 2034 2339 posse,
2051 2304 2126 2337 quod
2141 2303 2215 2329 dicta

1258 2359 1377 2386 munitio
1394 2363 1422 2384 et
1437 2358 1517 2383 locus
1532 2356 1566 2382 ad
1583 2357 1718 2381 bonorem
1735 2359 1763 2380 et
1781 2354 1927 2379 utilitatem
1950 2353 2077 2378 Romane
2095 2352 2216 2377 ecclesie

1257 2413 1394 2444 perpetuo
1418 2410 1565 2432 teneretur
1589 2409 1617 2430 et
1645 2403 1840 2442 custodiatni·;
1871 2406 1899 2427 et
1929 2402 2089 2427 volentibus
2118 2404 2217 2426 contra

1257 2458 1350 2484 facere
1370 2464 1401 2482 se
1424 2463 1474 2489 pro
1494 2454 1604 2480 viribus
1624 2456 1767 2486 opponent
1791 2455 1818 2476 et
1838 2450 1971 2476 contrarii
1995 2453 2087 2475 erunt.
2110 2448 2142 2474 In
2161 2456 2216 2482 qua

1260 2505 1434 2537 munitione,
1461 2502 1544 2538 podio
1567 2505 1595 2526 et
1618 2505 1711 2526 castro
1736 2503 1792 2525 tam
1817 2507 1866 2533 per
1891 2498 1982 2524 dictos
2005 2499 2217 2523 contionatores

1259 2563 1343 2589 quam
1369 2562 1418 2588 per
1441 2551 1674 2586 approbationem
1702 2553 1729 2575 et
1757 2548 2001 2574 confirmationem
2033 2546 2158 2571 omnium
2182 2544 2216 2570 de

1260 2604 1393 2630 contione
1419 2601 1557 2636 predicta,
1586 2599 1650 2624 data
1673 2602 1718 2624 est
1744 2596 1890 2623 communi
1919 2603 2063 2622 consensu
2089 2594 2217 2620 omnium

1260 2653 1348 2679 libera
1359 2649 1472 2677 licentia
1483 2652 1511 2674 et
1526 2652 1652 2682 potestas
1664 2645 1791 2680 predicto
1807 2645 1922 2671 domino
1939 2644 2051 2673 rectori,
2071 2642 2218 2676 recipienti

1260 2702 1322 2727 vice
1338 2704 1366 2725 et
1382 2699 1495 2725 nomine
1511 2696 1639 2722 Romane
1659 2694 1779 2721 ecclesie
1799 2698 1827 2719 et
1842 2693 1949 2719 domini
1966 2700 2050 2726 pape,
2067 2690 2218 2717 edificandi

1260 2753 1289 2776 et
1304 2746 1489 2775 construendi
1501 2745 1674 2771 munitiones
1688 2751 1740 2769 seu
1757 2742 1908 2773 foi-tilitias‚
1925 2740 2060 2766 custodes
2076 2740 2103 2765 in
2119 2739 2219 2765 eodem

1261 2800 1323 2826 loco
1338 2795 1499 2831 apponendi
1518 2798 1546 2820 et
1561 2793 1654 2819 omnia
1670 2792 1763 2818 facere
1783 2791 1818 2816 de
1834 2792 1895 2825 ipso
1912 2790 1973 2815 loco
1989 2797 2043 2823 que
2062 2787 2221 2822 placuerint

1262 2848 1392 2874 Romane
1407 2843 1528 2870 ecclesie
1544 2846 1572 2868 et
1594 2841 1709 2867 domino
1733 2847 1803 2874 pape
1826 2843 1854 2864 et
1874 2838 1936 2865 suis
1956 2837 2176 2864 successoribus
2191 2835 2219 2860 in

1263 2898 1444 2932 perpetuum.
1457 2891 1560 2918 Contra
1571 2897 1626 2924 que
1642 2889 1685 2915 vel
1695 2888 1807 2922 aliquod
1820 2886 2013 2922 predictorum
2029 2885 2221 2919 promiserunt

1264 2950 1292 2972 et
1307 2944 1502 2971 convenerunt
1517 2939 1608 2966 eidem
1624 2937 1740 2964 domino
1756 2935 1859 2962 rectori
1881 2939 1979 2962 contra
1995 2942 2051 2960 non
2068 2933 2161 2959 facere
2178 2931 2220 2957 vel

1265 2993 1374 3026 venire,
1391 2991 1584 3026 promiserunt
1603 2990 1631 3013 et
1650 2988 1845 3013 convenerunt
1861 2983 2012 3018 sollempni
2028 2981 2219 3016 stipulatione.
