2392 3571
649 344 697 373 LE
721 344 866 373 LIBER
889 343 1121 374 CENSUUM
1146 344 1200 373 DE
1223 335 1410 374 1,‘1‹']GLISE
1434 344 1643 374 ROMAINE.
2134 347 2190 375 447

139 410 303 439 calandras
329 415 354 439 et
379 411 544 440 tenebimus
572 413 800 448 quinquaqinta
826 413 927 449 qaleas
959 411 1105 439 similiter

136 472 190 500 per
208 469 304 493 totum
317 466 488 499 biennium,
505 466 532 493 si
550 474 661 494 necesse
675 466 782 501 fucrit,
800 466 874 494 bona
885 466 942 501 fide
953 469 1103 493 armatas.

141 516 223 550 Quod
244 517 270 545 si
293 518 397 554 aliquo
421 522 549 555 tempore
567 518 655 546 illius
676 518 794 546 biennii
814 526 875 546 non
899 522 969 545 esset
992 525 1106 545 necesse

140 569 210 597 illas
227 571 332 598 teneri.
351 571 396 598 ‘nel
411 571 438 598 si
452 571 583 606 forsitan
599 579 660 598 non
680 575 798 607 possent
814 570 953 598 ¹inveniri
969 570 1035 597 liom
1043 570 1106 597 ines

140 623 301 650 necessarii
319 624 486 659 apparatui
507 623 698 656 earumdem,
720 623 954 651 eoetimabmuw·
975 621 1106 658 fideliter

138 679 278 711 sumptus
296 675 345 703 illi
371 676 425 711 qui
447 676 481 703 in
501 675 542 703 eis
564 675 699 703 tenendis
725 675 888 703 necessarii
910 674 1103 707 haberentur,

137 727 164 754 si
181 731 356 755 tenerentur
369 731 488 755 armate
503 735 533 755 eo
548 726 634 754 modo
654 735 711 762 quo
734 726 903 754 debuissent
918 726 1056 760 arnutri,
1079 730 1106 753 et

139 778 352 814 ta>n[tum]dem
365 779 400 806 in
414 779 544 815 pecunia
562 783 725 807 numerata
739 779 943 815 persolvemus
961 779 993 806 in
1011 778 1106 815 ipsius

140 834 216 858 terre
234 831 351 867 neqotio
370 831 596 867 eoependendum
609 854 615 865 ,
639 840 670 859 eo
692 831 778 859 modo
793 840 846 868 per
861 832 965 859 omnia
982 839 1040 867 quo
1054 839 1107 859 su-

136 882 241 919 perius
258 883 292 911 de
308 884 536 920 quinquaqinta
556 884 691 912 marchis
707 885 842 912 militum
862 889 901 912 est
919 892 1102 921 erpressum.

177 935 314 964 Preterea
333 936 514 972 deponemus
536 937 568 964 in
594 937 736 965 manibus
755 937 961 973 predictorum
985 937 1063 973 rcqis
1081 941 1106 964 et

134 988 312 1024 patriarche
334 997 369 1017 ac
389 989 534 1025 maqistri
550 993 575 1017 et
594 990 729 1023 fratrum
753 989 859 1017 domus
879 989 1104 1017 Teotonicornm

137 1044 255 1068 centum
273 1041 362 1068 milia
381 1041 549 1069 unciarum
565 1042 653 1073 auri,
672 1042 717 1069 cet
740 1041 980 1077 equivalentiam
1003 1043 1035 1069 in
1053 1051 1106 1069 ar-

137 1097 223 1129 qento
246 1093 309 1121 hiis
335 1094 476 1122 terminis
496 1094 693 1131 persolvenda
719 1105 726 1121 :
755 1095 784 1122 in
814 1095 944 1122 instanti
967 1095 1107 1131 passaqio

138 1147 264 1183 auqusti
292 1147 387 1175 huius
417 1139 619 1175 te'rtiodecime
649 1147 828 1175 indictionis
857 1148 969 1184 ciqinti
998 1148 1103 1181 mitia,

137 1199 275 1236 sequenti
293 1200 436 1236 passaqio
457 1200 664 1236 subsequentis
685 1200 811 1236 auqusti
830 1200 961 1235 ejusdcm
982 1205 1106 1236 quarte-

138 1251 250 1280 decime
269 1251 450 1280 indictionis
466 1252 579 1288 viqinti
592 1252 700 1287 milia;
715 1253 778 1280 alia
791 1252 998 1289 quadraqinta
1016 1253 1107 1281 milia

140 1305 173 1332 in
199 1304 314 1333 duobus
338 1305 585 1340 subsequentilnts
607 1305 761 1342 passaqiis
792 1306 902 1333 martii
930 1310 956 1333 et
985 1307 1110 1341 auqusti

137 1357 216 1385 anni
233 1357 376 1392 secundi;
400 1358 443 1385 ita
465 1357 543 1394 quod
560 1362 662 1394 partes
686 1362 848 1386 memorate
866 1359 991 1394 pecunie
1005 1367 1107 1394 perso-

138 1409 199 1437 tute
210 1417 265 1446 per
281 1410 426 1437 terminos
442 1409 608 1437 antedictos
630 1410 712 1438 ultra
735 1419 817 1437 mare
838 1410 869 1438 in
889 1410 1023 1446 sinqulis
1034 1419 1107 1448 pas-

137 1462 232 1498 saqiis
247 1462 454 1498 deportentur.
476 1462 509 1490 Si
526 1471 595 1490 vero
613 1463 643 1490 in
661 1463 765 1499 aliquo
783 1463 912 1490 termino
928 1463 997 1499 plus
1011 1463 1108 1491 solve-

140 1515 240 1543 rimus
267 1524 361 1552 quani
387 1516 530 1552 superius
557 1520 598 1543 cst
627 1524 818 1552 ewpressum,
853 1520 973 1543 tantum
1002 1516 1108 1544 minus

138 1568 250 1596 solvere
267 1568 436 1596 tenebimur
449 1569 590 1605 passaqio
604 1568 807 1604 subsequenti.

181 1621 306 1655 Quando
328 1625 430 1649 autem
452 1629 503 1649 nos
526 1622 555 1649 in
577 1621 637 1657 fine
658 1622 776 1649 biennii
796 1621 834 1649 ad
857 1622 1033 1658 passaqium
1058 1631 1108 1650 as-

138 1675 294 1711 siqnatum
319 1675 518 1709 transfretare
539 1675 708 1711 continqet‚
735 1674 898 1702 reddentur
923 1675 1004 1703 nobis
1026 1674 1107 1702 dicta

97 1750 100 1752 ,
139 1731 261 1756 centuni
278 1727 367 1755 milia
388 1728 552 1755 nneiarum
567 1727 606 1754 ad
622 1727 848 1763 erpendendum
873 1728 902 1754 in
919 1727 1044 1755 seruitio
1059 1727 1109 1755 Dei

137 1784 163 1808 ct
188 1780 274 1808 Terre
297 1779 415 1808 Sancte.
435 1780 470 1807 Et
495 1780 521 1807 si
546 1788 608 1813 nos,
634 1779 713 1816 qnod
734 1780 808 1807 Deus
826 1784 955 1812 avertat,
973 1779 1004 1807 in
1027 1784 1106 1807 terra

141 1832 195 1860 illa
207 1832 254 1860 vel
264 1833 354 1865 citra,
365 1836 435 1860 ante
445 1833 621 1869 passaqium
636 1836 847 1860 memoratum.
859 1832 938 1860 obire
947 1833 1109 1869 contiqerit

140 1885 185 1912 vcl
201 1884 281 1912 alias
296 1893 486 1921 quacumque
503 1884 536 1912 de.
552 1893 643 1912 eausa
659 1885 789 1919 forsitan
806 1893 862 1913 non
879 1885 1104 1919 transierimus,

141 1945 192 1965 rea·
209 1941 234 1965 el
248 1937 430 1974 patriarcba
447 1941 473 1965 et.
494 1937 640 1973 niaqister
659 1937 766 1964 domus
789 1937 1020 1965 Teutonicorum
1039 1946 1108 1973 pre-

138 1989 221 2024 dicti,
241 1990 280 2017 ad
298 1989 426 2018 laudum
443 1994 468 2017 et
486 1989 648 2018 consilinm
667 1990 885 2025 maqistrorum
903 1989 1069 2026 Hospitalis
1084 1994 1110 2018 et

141 2042 254 2078 Templi
277 2051 311 2069 ae
331 2042 465 2070 aliorum
487 2042 648 2077 proborum
671 2042 738 2072 lieni
747 2043 831 2069 inum
851 2042 883 2069 dc
901 2046 979 2069 terra
999 2051 1109 2079 espen-

138 2095 207 2122 dent
223 2095 346 2123 eandem
367 2095 531 2131 pecuniam
552 2095 627 2122 bona
651 2094 724 2130 fide,
748 2095 825 2123 sicut
849 2095 956 2122 melius
977 2095 1109 2123 viderint

139 2147 277 2184 expedire
296 2147 427 2175 utilitati
449 2147 534 2175 Terre
550 2147 673 2177 Sancte,
700 2147 729 2174 in
750 2147 874 2175 servitio
891 2147 976 2175 ihesu
995 2147 1110 2176 Christi

139 2204 164 2227 et
183 2204 268 2234 terre,
288 2208 341 2236 pro
357 2199 454 2227 salute
473 2200 577 2227 anime
594 2204 692 2227 nostre
708 2204 732 2227 et
751 2204 973 2228 antecessorum
990 2204 1109 2228 nostro-

140 2260 222 2280 rum.
243 2251 277 2281 Si
294 2260 371 2286 vero,
393 2252 472 2288 quod
493 2253 584 2286 absit,
609 2252 695 2287 infra
715 2253 918 2289 prescriptum
940 2253 1109 2281 terminum

137 2305 278 2342 passaqio
293 2305 484 2341 assiqnatum
507 2305 670 2341 quicquam
686 2305 870 2333 humanitus
885 2305 919 2333 (le
935 2306 1018 2333 nobis
1032 2306 1109 2334 acci-

141 2357 228 2391 derit,
249 2361 274 2384 et
289 2357 316 2384 si
334 2356 456 2392 aliquid
477 2356 520 2385 vel
536 2357 641 2392 aliqua
658 2357 733 2391 forte
749 2356 912 2392 defecerint
928 2357 961 2385 de
977 2357 1039 2385 liiis
1054 2366 1110 2394 que

140 2410 282 2446 superius
308 2417 444 2445 ewpressa
472 2413 543 2437 sunl
571 2413 596 2436 et
618 2409 784 2445 promissa,
815 2418 940 2445 reqnum
971 2415 1107 2438 nostrum

140 2462 246 2491 Sicilie
274 2461 441 2489 remanebit
471 2461 510 2489 ad
537 2469 571 2489 ea
603 2461 707 2489 omnia
737 2461 923 2497 obliqatuni;
957 2463 998 2490 ita
1031 2463 1110 2499 quod

141 2515 326 2551 quicumque
358 2513 436 2541 illud
468 2513 590 2547 tenebit,
622 2522 655 2541 ea
688 2513 802 2550 inthre
833 2514 983 2543 tenebitur
1010 2516 1109 2544 adim-

139 2567 233 2604 plere.

181 2620 239 2647 Nos
274 2623 373 2647 autem
405 2618 607 2654 personaliter
634 2618 817 2654 Juravimus
848 2619 926 2654 quod
960 2621 1109 2649 transibi—

142 2680 211 2700 mus
235 2672 318 2699 ultra
344 2679 429 2698 mare
450 2670 482 2698 in
509 2670 680 2698 subsidium
707 2670 794 2699 Terre
818 2671 926 2700 Sancte
950 2672 983 2699 in
1001 2681 1110 2709 passa-

141 2725 190 2761 qio
215 2724 439 2761 suprascripto,
469 2728 494 2751 et
521 2723 707 2751 Baitzaldnm
736 2723 839 2752 ducem
868 2724 980 2760 Spoleti
1000 2725 1111 2761 jurare

142 2778 269 2812 fecimus
294 2777 325 2804 in
350 2777 457 2804 anima
484 2780 586 2803 nostra
614 2784 666 2803 nos
685 2775 819 2811 firmiter
841 2781 867 2804 et
890 2776 1021 2812 fideliter
1047 2786 1110 2805 ser-

143 2835 268 2859 vaturos
293 2829 414 2865 reliqna
442 2829 546 2856 omnia
574 2829 654 2856 sicut
679 2829 821 2865 superius
851 2834 923 2856 sunt
950 2838 1109 2866 expressa,-

141 2887 167 2910 et
185 2881 319 2919 predicta
337 2881 442 2909 omnia
463 2880 685 2908 observabimus
706 2880 781 2908 bona
801 2880 873 2916 fide,
897 2881 958 2909 lata
976 2890 1011 2909 αι’
1026 2890 1110 2910 nunc

143 2934 469 2964 excommunicationis
485 2934 651 2967 sententia,
678 2934 707 2961 in
730 2942 790 2969 qua
813 2934 983 2962 incidemus
1002 2935 1029 2962 si
1050 2943 1110 2963 non

144 2987 449 3023 transfretaverimus
485 2987 514 3014 in
546 2986 686 3022 passaqio
718 2987 940 3022 suprascripto,
978 2987 1022 3014 vel
1049 2995 1110 3015 non

1225 410 1407 438 duxerimus
1420 415 1445 438 et
1460 412 1649 439 tenuerimus
1664 413 1813 440 nobiscum
1830 413 1914 440 mille
1928 413 2050 447 milites,
2068 414 2114 441 vel
2131 422 2189 441 non

1226 462 1403 490 miserimus
1415 464 1614 499 prescriptam
1637 465 1808 500 pecuniam,
1830 466 1908 492 sicut
1923 466 2064 502 superius
2079 470 2120 493 est
2139 475 2190 494 ear-

1224 523 1374 551 pressum.
1399 514 1432 543 Si
1451 520 1551 543 autem
1571 516 1766 551 defecerimus
1785 518 1813 544 ia
1831 518 1987 553 aliquibus
2010 518 2053 546 vet
2073 519 2107 546 'in
2128 519 2190 546 ali-

1227 575 1284 602 quo
1300 571 1476 601 ceterorum,
1499 568 1618 595 ecclesia
1635 569 1769 596 [fontana
1787 570 1980 597 sententiabit
1996 570 2026 597 in
2045 579 2096 598 nos
2111 575 2137 598 et
2158 571 2188 598 in

1229 623 1340 646 terram
1366 624 1500 647 nostram
1529 620 1562 648 de
1585 626 1746 656 spontaneo
1770 627 1794 649 et
1820 623 1879 649 iam
1904 623 2027 658 prestito
2046 631 2190 651 consensu

1228 675 1340 699 nostro.
1357 671 1479 705 Quodsi
1494 673 1524 699 in
1540 673 1674 700 alicuius
1689 675 1814 701 termini
1827 674 1973 702 solutione
1983 675 2188 710 defecerimus,

1229 723 1290 751 lala
1306 724 1454 751 sententia
1474 729 1632 752 teneamur
1647 726 1784 754 astricti:
1803 727 1842 753 ita
1859 726 1946 762 qnod,
1965 728 1990 753 si
2005 732 2069 762 post
2085 728 2192 755 termi-

1228 783 1301 802 num
1326 775 1458 811 elapsum
1480 784 1533 811 per
1554 776 1768 804 testimoniales
1788 777 1904 805 litteras
1922 779 2045 806 illorum
2067 779 2120 815 qui
2136 788 2192 816 pro

1228 835 1294 863 ¹reqe
1305 835 1340 854 ac
1352 827 1535 863 patriarcha
1546 832 1571 855 et
1583 828 1727 864 maqistro
1741 829 1900 865 hospitalis
1915 830 2139 859 Toumar-orum
2154 831 2193 859 ad

1228 878 1434 915 ¹recipiendum
1447 880 1571 907 statutis
1586 881 1726 907 terminis
1741 881 1834 916 ipsam
1847 883 2005 917 prr-uniam
2019 887 2194 910 statuentur

1228 931 1345 959 ecclesie
1364 931 1492 959 Romane
1515 933 1682 959 constiterit
1707 942 1758 960 nos
1774 933 1807 960 rte
1823 934 2001 962 liainmnodi
2017 936 2194 970 satisfecisse

1228 983 1352 1018 defectu,
1370 984 1472 1011 statim
1489 993 1579 1020 super
1595 985 1647 1012 illo
1661 985 1792 1013 articulo
1808 986 2005 1021 absolventur,
2032 996 2083 1015 nec
2104 996 2194 1024 super

1228 1037 1300 1064 aliis
1313 1037 1466 1064 occasione
1485 1037 1570 1064 illius
1585 1038 1730 1065 sententie
1745 1039 1945 1073 qrnvabimnr
1963 1040 2023 1067 ullo
2038 1040 2131 1068 modo.
2151 1040 2194 1067 Ad

1229 1089 1323 1117 huius
1345 1093 1444 1117 autem
1470 1090 1513 1117 rei
1537 1090 1680 1117 maiorem
1699 1090 1880 1117 evidentiam
1903 1096 2025 1127 mes-ens
2045 1092 2191 1129 scriptum

1228 1141 1297 1177 fieri
1311 1142 1450 1176 fecimus,
1469 1146 1494 1169 et
1510 1142 1592 1169 bulla
1608 1150 1702 1169 aurea
1721 1147 1820 1169 nostro
1838 1144 1950 1179 tipario
1968 1144 2113 1180 impressa
2130 1145 2194 1172 ius-

1229 1195 1326 1222 simus
1342 1195 1503 1231 insiqniri.

1268 1248 1377 1275 Datum
1397 1248 1480 1284 apud
1500 1247 1645 1275 Sanctum
1669 1248 1851 1275 Gernntnum
1874 1256 1955 1276 anno
1971 1249 2121 1276 dominice
2146 1249 2195 1276 in-

1229 1300 1422 1328 carnationis
1437 1300 1534 1329 M⁰CC⁰
1548 1301 1690 1328 vicesimo
1706 1301 1824 1336 quinto,
1843 1309 1939 1328 mense
1949 1301 2036 1337 julii,
2056 1302 2195 1338 tertiode-

1229 1353 1305 1381 cime
1322 1352 1512 1381 indictionis.

1189 1530 1454 1559 CLXXXXIIII.
1485 1547 1522 1550 —
1553 1530 1694 1559 Lt'th-:RE
1727 1540 1764 1559 DE
1795 1539 1954 1560 εοΜιΤΑτυ
1984 1531 2148 1560 ESCULANO
2179 1541 2196 1559 A

1231 1590 1349 1611 notumo
1375 1590 1450 1610 PAPA
1479 1581 1642 1611 Gnffiomo
1672 1590 1822 1611 comnsso
1853 1591 1998 1612 emscopo
2030 1583 2195 1612 Escumso

1231 1643 1288 1671 sun
1306 1644 1321 1664 c
1338 1643 1496 1663 munaum
1513 1634 1953 1672 VUt.T(fittANEN51UM)ANNUA
1970 1644 2121 1665 tmxffloxss
2133 1638 2153 1664 ¹.

1271 1752 1432 1788 Greqorius
1456 1753 1619 1789 episcopua
1643 1762 1748 1781 servus
1773 1762 1927 1781 servorum
1947 1755 2012 1788 Dei,
2031 1756 2198 1783 venerabili

1229 1806 1324 1841 fratri
1340 1805 1515 1833 Marcellino
1535 1806 1668 1842 episcopo
1686 1806 1834 1833 Esculano
1854 1806 1980 1834 salntem
2005 1812 2031 1835 et
2053 1809 2197 1844 apostoli-

1231 1866 1294 1885 cam
1313 1857 1557 1885 benedictionem.
1580 1858 1741 1886 Ecclesiam
1756 1859 1937 1886 lisculanam
1957 1864 2102 1896 tanquam
2120 1860 2197 1888 sedis

1231 1911 1389 1947 apostolice
1410 1910 1507 1946 sitiam
1532 1911 1687 1947 ancialem
1711 1916 1736 1939 et
1760 1920 1918 1947 personam
1943 1917 2024 1940 [imm
2045 1914 2126 1941 nobis
2141 1914 2198 1949 fide

1230 1967 1332 1991 notam
1348 1967 1374 1990 et
1390 1962 1544 1991 devotione
1554 1964 1711 1999 probatam
1724 1964 1848 1999 speciali
1859 1965 1960 2000 qratia
1976 1970 2196 2001 prosequentes,

1231 2016 1408 2043 comitatum
1426 2015 1612 2043 Esculanum
1629 2023 1696 2043 cnm
1709 2016 1927 2051 jurisdictione
1942 2026 1976 2043 ac
1988 2018 2114 2053 J'uribus
2131 2018 2199 2046 red-

1231 2068 1346 2096 ditibus
1368 2072 1393 2096 et
1417 2068 1612 2104 pertinentiis
1633 2069 1774 2096 omnibns
1795 2068 1834 2096 ad
1859 2070 2010 2097 ecclesiam
2031 2071 2196 2098 Romanam

1230 2120 1442 2157 spectantibus,
1462 2125 1487 2147 et
1505 2120 1677 2157 specialiter
1691 2125 1832 2157 potestate
1847 2121 1954 2149 ibidem
1970 2122 2094 2150 creandi
2108 2124 2199 2151 tabel-

1232 2173 1335 2207 liones,
1349 2173 1401 2200 tibi
1411 2173 1464 2201 sub
1473 2181 1511 2201 an
1519 2181 1578 2201 nuo
1590 2182 1677 2201 censu
1691 2179 1808 2201 centnm
1822 2174 1971 2201 librarum
1987 2175 2200 2203 u'lteranensis

1232 2230 1346 2254 monete
1369 2226 1398 2253 in
1424 2226 1497 2260 festo
1519 2225 1596 2253 beati
1614 2226 1769 2253 Michaelis
1792 2235 1906 2253 camere
1931 2231 2029 2254 nostre
2047 2228 2196 2259 solvendo,

1232 2277 1383 2314 quamdiu
1407 2277 1490 2305 nobis
1512 2278 1663 2314 placuerit
1690 2278 1912 2306 committimus
1933 2279 2049 2307 ecclesie
2071 2280 2200 2308 Romane

1231 2332 1356 2360 nomine
1377 2331 1507 2367 fideliter
1531 2331 1779 2368 qubernandum.
1801 2336 1891 2368 prout
1915 2333 2118 2362 instrumento
2141 2342 2200 2371 pu-

1232 2385 1307 2413 blico
1322 2384 1430 2413 exinde
1450 2385 1579 2419 confecto
1596 2385 1719 2421 plenius
1738 2385 1919 2412 continetur.
1949 2385 1982 2413 L't
2002 2390 2101 2414 autem
2122 2387 2201 2423 quod

1231 2437 1265 2465 de
1282 2441 1306 2465 te
1326 2437 1358 2464 in
1380 2445 1428 2473 spe
1445 2437 1582 2473 qerimus
1599 2446 1651 2465 nos
1668 2437 1698 2465 iii
1718 2446 1748 2465 re
1766 2438 1915 2465 invenisse
1932 2438 2067 2473 letemur,
2087 2440 2200 2473 frater-

1233 2491 1359 2518 nitatem
1384 2493 1467 2517 tuam
1486 2498 1652 2524 monemus,
1673 2491 1853 2518 auctoritate
1875 2491 1927 2518 tibi
1943 2492 2130 2527 presentium
2150 2493 2199 2520 in-

1225 2543 1388 2578 junqentes
1405 2543 1553 2578 quatinus
1566 2542 1730 2578 justiciam
1749 2543 1879 2577 diliqens
1897 2547 1922 2570 et
1941 2543 2098 2579 obsequens
2113 2544 2199 2580 equi-

1233 2595 1289 2622 tati
1309 2595 1503 2631 amplectaris
1520 2595 1555 2622 in
1573 2595 1713 2622 omnibns
1732 2595 1890 2631 pietatem.
1910 2595 2062 2631 reliqiosos
2082 2597 2133 2632 pio
2153 2597 2200 2631 fo-

1231 2656 1302 2675 vens
1317 2647 1422 2682 affectu
1439 2652 1464 2675 et
1481 2647 1642 2681 defendens
1654 2655 1671 2674 a
1684 2648 1855 2684 potentibus
1870 2648 2052 2683 impotentes,
2069 2653 2100 2676 ut
2111 2657 2199 2685 apos-

1231 2846 1252 2871 1.
1273 2845 1358 2876 Rieu,
1371 2845 1385 2870 ἴ)
1403 2845 1557 2870 novembre
1576 2844 1650 2870 1231.
1662 2832 1695 2863 ⁸—
1712 2843 1944 2877 l{:t)'1lalxii,.>11111.
1959 2847 2032 2878 eceb,
2049 2845 2125 2877 1231,
2139 2847 2153 2880 g*
2165 2847 2196 2879 ὃς

1192 2892 1334 2922 Potthast,
1360 2892 1439 2918 8828.
1465 2906 1496 2911 —
1522 2891 1660 2926 Gregoire
1681 2891 1724 2917 tx
1748 2892 1839 2918 confie
1862 2894 1887 2918 le
1910 2896 2004 2919 comte
2027 2894 2157 2920 d'Ascoli
2183 2897 2197 2921 :3

1191 2941 1320 2974 l'evfzquc
1336 2940 1370 2966 de
1386 2943 1460 2966 cette
1478 2941 1558 2969 ville.
1577 2946 1750 2974 {uoycnnam
1770 2949 1824 2965 une
1841 2941 1999 2967 redes-auce
2014 2944 2147 2969 annuelle
2163 2943 2197 2969 de

1193 2993 1259 3015 cent
1277 2990 1362 3014 tivres
1379 2997 1412 3014 en
1431 2989 1561 3014 mommio
1578 2989 1612 3014 de
1633 2987 1772 3015 vonerre.
