2392 3571
614 334 665 363 LE
687 334 835 365 LIBER
857 333 1092 364 CENSUUM
1117 333 1170 362 DE
1195 324 1380 363 L'EGLISE
1403 333 1613 364 ROMAINE.
2104 334 2163 365 483

62 867 194 898 CCXX.
216 884 256 889 —
274 867 426 897 Cim'runn
445 874 675 900 Acoulsrrtoms
693 873 733 894 ΕΤ
753 872 922 894 EMPTles
941 864 1074 893 Pmm

103 929 144 950 ΕΤ
160 919 318 950 Sannoms
333 930 373 949 AD
388 928 466 950 opus
482 919 619 948 Romamn
637 926 785 948 nocensne
803 926 947 947 TEMPORE
965 925 1074 946 nomm

103 972 261 1002 Gnmonn
280 982 355 1002 ΡΑΡΕ
372 972 454 1002 1X1.

143 1078 180 1107 In
197 1079 321 1107 nomine
337 1079 469 1113 Domini,
490 1086 592 1106 amen-
611 1078 699 1106 Anno
720 1076 946 1105 incarnationis
961 1076 1076 1104 Christi

102 1131 268 1160 millesimo
295 1131 500 1159 ducentesimo
526 1130 678 1159 tricesimo
705 1129 848 1164 secundo,
878 1128 1077 1166 pontificatus

105 1183 227 1212 domini
255 1183 392 1221 Greqorii
411 1192 488 1221 pape
513 1183 554 1212 IX
572 1191 656 1212 atino
679 1187 778 1217 serto,
802 1190 901 1210 mense
929 1181 1078 1209 decembri

104 1236 154 1265 die
165 1237 236 1271 XXI,
254 1236 420 1265 indictione
429 1241 524 1264 sexta.
535 1236 595 1273 Eyo
612 1235 672 1264 Octo
687 1235 721 1263 de
738 1235 917 1271 Columpna,
932 1234 1078 1262 dominus

104 1288 238 1323 Olibani,
256 1289 312 1317 hae
329 1288 376 1317 die
391 1289 527 1325 presenti
540 1289 668 1325 propria
681 1293 706 1316 et
722 1291 888 1324 spontanea
908 1287 1072 1322 voluntate,

103 1341 200 1370 vendo
215 1346 242 1370 et
263 1342 504 1371 irrevocabiliter
525 1341 611 1370 trado
633 1341 689 1370 tibi
709 1341 832 1370 domino
848 1340 1006 1369 Benedicta
1025 1340 1077 1368 do-

103 1395 187 1423 mini
200 1403 278 1432 pape
295 1395 467 1423 camerario
482 1395 522 1423 ad
537 1403 611 1431 opus
628 1398 655 1422 et
678 1403 785 1422 nomen
804 1393 962 1422 reverendi
976 1394 1078 1430 patris

103 1447 226 1476 domini
238 1448 376 1485 G1·e90rii
390 1449 465 1476 noni
478 1457 555 1485 pape
570 1456 756 1484 suorumque
771 1455 976 1475 successorum
989 1447 1077 1475 etRo-

104 1508 196 1529 ‘mane
214 1500 332 1529 ecclesie
350 1501 380 1529 in
400 1505 592 1538 perpetuum,
613 1500 748 1528 videlicet
765 1504 856 1528 totam
879 1504 905 1527 et
925 1500 1074 1535 integram

103 1557 224 1590 partem
240 1561 339 1581 meam
357 1561 438 1582 roeee
455 1557 480 1581 et
502 1553 597 1581 castri
618 1553 756 1588 Paliani,
784 1557 809 1580 et
831 1561 913 1581 'roeee
937 1557 961 1580 et
983 1553 1077 1580 castri

103 1605 258 1641 Serranis,
278 1614 346 1634 cum
370 1607 538 1643 omnijure
557 1610 582 1634 et
597 1606 818 1642 jurisdictione
833 1610 859 1633 et
875 1606 1004 1639 actione,
1025 1605 1078 1633 do-

105 1658 207 1686 minio
223 1662 248 1686 et
264 1658 385 1693 honore,
404 1663 429 1686 et
445 1663 505 1686 tam
526 1659 558 1687 in
576 1658 667 1686 terris
683 1667 774 1694 quam
790 1658 822 1686 in
838 1658 944 1693 eineis,
959 1654 1078 1686 bassal-

105 1711 154 1746 lis,
173 1711 272 1745 silvis,
290 1711 401 1748 pratis,
423 1711 588 1745 montibus,
607 1711 742 1746 collibus,
763 1711 919 1747 planitiis,
939 1711 1074 1747 pascuis,

103 1763 196 1799 aquis
219 1767 246 1791 et
271 1764 513 1792 comunitatibus
537 1764 704 1798 universis,
732 1763 812 1791 sicut
838 1763 917 1791 mihi
941 1768 966 1791 et
992 1763 1078 1791 liere-

104 1815 194 1844 dibus
209 1820 235 1843 et
251 1816 471 1844 successoribus
492 1817 567 1844 meis
586 1821 759 1853 competunt
774 1824 830 1852 pro
846 1816 945 1844 diviso
964 1817 1008 1845 vel
1025 1816 1078 1844 in-

104 1867 216 1902 diviso,
231 1869 305 1905 jure
321 1869 507 1897 hereditario
525 1869 570 1897 cel
582 1869 644 1897 alio
660 1869 788 1905 quolibet
808 1869 893 1897 modo
911 1869 941 1897 in
955 1869 1078 1905 predic-

105 1921 147 1949 tis
161 1921 272 1949 eastris
287 1921 372 1949 intus
387 1926 413 1949 et
429 1926 526 1956 emtra,
545 1926 571 1949 et
584 1930 639 1958 per
651 1926 744 1949 toturn
762 1929 865 1949 eorum
884 1922 1077 1950 territorium

106 1977 134 2001 et
149 1973 324 2002 districtum
335 1985 346 2009 ,·
364 1979 482 2011 eaeccpto
498 1983 540 2007 eo,
560 1974 639 2011 quod
662 1974 752 2002 habeo
775 1978 800 2002 et
822 1979 902 2002 teneo
918 1975 1002 2003 ultra
1017 1975 1079 2010 sos-

103 2030 206 2054 satum
225 2025 260 2054 de
277 2026 401 2055 Centum
421 2026 520 2055 Guttis
532 2035 601 2055 cum
614 2026 743 2063 quodam
761 2032 970 2055 accasamento
983 2028 1079 2064 posito

104 2078 191 2107 ultra
204 2078 377 2115 predictum
392 2079 540 2114 fossatum
557 2087 592 2107 ew
604 2083 692 2116 parte
707 2080 802 2107 castri
815 2079 875 2107 mei
891 2079 925 2108 de
941 2079 1078 2109 Olibano.

108 2130 169 2164 Que
184 2131 290 2160 omnia
309 2131 404 2159 michi
423 2136 449 2159 et
465 2131 626 2159 heredibus
644 2136 670 2159 et
690 2132 910 2160 successoribus
928 2133 1002 2160 meis
1013 2133 1080 2161 sine

104 2183 213 2220 aliqua
243 2183 417 2212 conditione
444 2192 574 2212 reservo.
599 2184 634 2212 Et
655 2192 673 2212 a
691 2185 826 2221 presenti
849 2185 885 2212 do
906 2189 932 2213 et
955 2185 1080 2214 concedo

105 2236 169 2273 ipsi
184 2236 308 2264 domino
318 2245 396 2273 pape
411 2245 446 2264 ae
461 2236 680 2265 successoribus
693 2237 758 2265 suis
769 2237 895 2265 liberam
906 2242 1079 2275 potestatem

74 2290 80 2296 '
106 2288 253 2317 intrandi
269 2293 294 2316 et
313 2289 484 2326 accipiendi
497 2298 553 2326 per
568 2298 598 2317 se
616 2290 660 2318 vel
672 2299 727 2327 per
741 2295 970 2327 procuratorem
989 2300 1080 2320 suum

105 2342 290 2370 auctoritate
310 2342 439 2378 propria
458 2342 670 2378 possessionem
693 2343 832 2371 omnium
849 2343 1079 2380 predictorum,⁴

105 2397 134 2422 et
150 2393 293 2427 habendi,
313 2393 436 2422 tenendi
449 2398 474 2422 et
487 2394 665 2431 possidendi
682 2395 772 2423 libere
794 2400 820 2423 et
840 2396 939 2432 quiete
953 2396 993 2424 ad
1008 2405 1082 2434 opus

105 2451 134 2475 et
148 2447 315 2475 utilitatem
332 2447 463 2475 Romane
479 2447 835 2485 ecclesieinperpetuum
851 2450 957 2478 omnia
972 2458 1081 2486 supra-

106 2499 207 2534 dicta.-
224 2504 250 2528 et
267 2500 416 2536 quicquid
432 2509 483 2536 eyo
502 2501 546 2529 cel
563 2501 627 2528 alia
641 2510 770 2538 persona
787 2510 842 2538 pro
855 2511 899 2530 me
914 2503 948 2530 de
961 2503 1080 2540 predic-

108 2552 148 2580 tis
171 2552 314 2580 omnibus
326 2552 526 2589 possidemus,
546 2561 564 2581 a
580 2554 716 2590 presenti
732 2563 776 2582 me
792 2555 943 2583 constituo
958 2556 1081 2584 nomine

103 2736 128 2764 1.
149 2735 274 2769 Anagni,
292 2735 324 2762 ‘21
342 2736 496 2762 dc'ecmbrc
511 2736 587 2764 ΗΖΒ-2.
599 2736 795 2770 -Μιιι-ῑὶῑοή,
812 2740 890 2769 Ant„
903 2743 924 2765 t.
937 2738 960 2772 Ι,
975 2748 1002 2773 p.
1017 2740 1079 2767 682.

66 2799 100 2803 —
116 2784 198 2810 Odon
217 2785 252 2810 de
268 2783 412 2815 Colonna,
431 2786 571 2818 seigneur
593 2784 761 2817 d'Olevano,
778 2786 851 2812 vend
868 2795 903 2812 au
921 2795 992 2821 pape
1008 2786 1080 2813 Gr&-

65 2832 149 2866 goire
167 2831 226 2862 lx,
245 2834 412 2866 represente-
429 2841 480 2866 μοι·
494 2833 518 2858 {e
535 2834 676 2859 came'ricr
693 2832 810 2864 nemost,
827 2842 900 2868 pour
915 2834 967 2860 4υο
981 2835 1080 2866 lim-es,

65 2885 134 2907 tous
151 2889 201 2906 svs
218 2880 311 2906 droits
331 2888 383 2906 sul·
404 2880 521 2906 paliano
542 2885 570 2907 ot
590 2880 725 2907 serrone.
746 2895 782 2901 —
804 2881 841 2908 La
861 2883 998 2917 rubrique
1016 2891 1081 2909 cor-

65 2929 206 2962 respond¹
225 2936 279 2954 non
298 2937 348 2962 pas
364 2930 378 2954 ὁ
397 2929 420 2954 la
438 2929 518 2966 pioee
534 2929 715 2963 ci-dessous,
732 2930 806 2956 mais
819 2931 836 2956 ὲ
852 2934 914 2956 tout
929 2931 955 2956 le
969 2923 1082 2957 dosssier

65 2974 345 3010 (ccxx-emma)
363 2977 458 3003 relatis
470 2979 484 3003 il
502 2977 604 3003 t'achat
619 2977 654 3003 de
673 2977 788 3003 Paliano
805 2982 833 3004 et.
848 2977 985 3005 Seri-one.

1198 864 1329 892 Romane
1347 863 1634 900 eeclesiepossidere.
1652 864 1710 892 Pro
1728 865 1898 893 venditione
1913 874 1963 894 seu
1979 867 2165 897 alienatione

1199 921 1225 944 et
1249 916 1414 944 traditione
1432 916 1574 952 confiteor
1595 925 1641 944 me
1660 917 1800 953 recepisse
1820 923 1846 946 et
1866 918 2004 947 habuisse
2019 928 2035 947 a
2054 925 2079 948 te
2094 929 2166 957 pre-

1199 968 1277 997 dicto
1296 968 1420 996 domino
1443 969 1614 996 camerario
1633 970 1755 997 nomine
1774 969 1894 998 domini
1914 980 1990 1007 pape
2005 977 2031 1000 et
2049 973 2166 1001 ecclesie

1200 1022 1329 1050 Romane
1351 1022 1481 1050 solvente
1501 1021 1722 1058 quttdriycntas
1745 1022 1838 1050 libras
1855 1024 1999 1052 bonorum
2021 1024 2165 1053 denario-

1197 1082 1270 1101 rum
1293 1078 1434 1108 senatus,·
1460 1073 1494 1101 de
1516 1074 1625 1110 quibus
1645 1074 1715 1102 benc
1737 1083 1781 1102 me
1802 1084 1870 1104 voco
1888 1077 2042 1112 quietum,
2060 1086 2165 1115 excep-

1199 1127 1278 1154 tioni
1295 1134 1355 1154 non
1372 1130 1530 1154 numerate
1546 1127 1591 1154 vel
1608 1135 1665 1154 non
1685 1127 1779 1155 solute
1798 1129 1924 1164 pecunie
1945 1126 2161 1158 renuntiando.

1199 1179 1235 1207 Et
1252 1179 1428 1216 sipredicta
1447 1179 1522 1207 bona
1542 1180 1612 1216 plus
1634 1179 1745 1213 valent,
1771 1184 1863 1208 totum
1887 1190 1902 1208 a
1924 1183 2056 1218 presenti
2071 1183 2164 1209 cidem

1199 1232 1323 1260 domino
1347 1241 1423 1269 pape
1449 1241 1482 1260 ae
1507 1233 1724 1261 successoribus
1747 1234 1810 1261 suis
1834 1242 1869 1261 ae
1899 1234 2027 1263 Romane
2051 1236 2167 1264 ecclesie

1199 1285 1276 1313 dono
1302 1289 1391 1321 atque
1412 1285 1537 1313 concedo
1562 1285 1651 1313 libere
1677 1285 1707 1313 in
1733 1291 1926 1322 perpetuum.
1953 1287 2036 1315 Hanc
2065 1293 2167 1315 autem⁴

1198 1337 1423 1371 venditionem,
1447 1338 1664 1366 alienationem
1691 1343 1717 1366 et
1742 1339 1938 1367 traditionem
1965 1340 2023 1376 ipsi
2045 1340 2168 1368 domino

1195 1399 1274 1428 pape
1294 1391 1417 1427 suisque
1437 1391 1656 1419 suecessoribus
1680 1392 1804 1419 nomine
1827 1392 1955 1420 Romane
1975 1393 2105 1427 ecclesie,
2135 1398 2167 1421 ut

1201 1444 1317 1473 dietum
1331 1449 1381 1478 est,
1395 1445 1483 1480 facio,
1498 1444 1582 1472 salco
1595 1453 1649 1481 per
1664 1445 1768 1473 omnia
1783 1445 1876 1473 miehi
1887 1450 1913 1473 et
1925 1446 2083 1474 heredibus
2097 1447 2170 1474 meis

1197 1501 1355 1534 perpetuo,
1387 1497 1466 1533 quod
1491 1505 1593 1525 omnes
1615 1498 1812 1534 possessiones
1840 1502 1866 1526 et
1893 1499 1968 1526 bona
1997 1499 2167 1527 immobilia

1199 1554 1284 1577 extra
1298 1549 1487 1577 munitiones
1500 1549 1704 1585 predictorum
1723 1554 1892 1578 castrorum
1915 1551 2026 1587 posita,
2052 1555 2078 1578 et
2100 1551 2168 1579 red-

1199 1602 1283 1630 ditus
1298 1601 1498 1630 vassallorum
1517 1610 1651 1629 meorum
1672 1610 1745 1637 quos
1757 1606 1850 1638 etque
1864 1602 1958 1638 hujus
1970 1602 2169 1630 alienationis

1201 1659 1330 1691 tempore
1348 1655 1377 1682 in
1396 1654 1504 1682 castris
1523 1654 1686 1682 habueram
1704 1655 1899 1690 supradictis,
1919 1663 1935 1683 a
1953 1655 2075 1683 domino
2087 1664 2168 1693 papa

1201 1712 1226 1736 et
1250 1708 1385 1736 Romana
1412 1707 1535 1735 eeclesia
1559 1707 1591 1734 in
1616 1707 1741 1742 feudum
1768 1707 1802 1735 de
1827 1712 1920 1735 cetero
1947 1713 2117 1741 teneamus,
2141 1713 2168 1736 et

1200 1760 1308 1789 exinde
1328 1760 1424 1796 ipsius
1439 1759 1559 1788 domini
1572 1768 1648 1796 pape
1661 1764 1686 1787 et
1701 1760 1832 1788 Romane
1849 1760 1967 1788 ecclesie
1985 1761 2110 1788 vassalli
2124 1762 2169 1789 si-

1201 1822 1270 1841 mus
1293 1817 1437 1850 perpetuo
1463 1817 1488 1840 et
1514 1812 1628 1848 fideles,
1657 1817 1683 1840 et
1708 1813 1750 1840 eis
1775 1818 1896 1849 propter
1920 1813 1974 1841 hoe
1997 1814 2170 1850 specialiter

1196 1870 1365 1903 prestemus
1381 1865 1558 1901 homayium
1579 1864 1746 1901 personale.
1770 1865 1899 1901 Insuper
1919 1865 1952 1893 de
1972 1865 2064 1893 libero
2084 1866 2169 1893 arbi-

1202 1919 1261 1947 trio
1277 1922 1302 1946 et
1320 1918 1447 1955 propria
1466 1917 1620 1945 voluntate
1637 1917 1682 1949 do,
1701 1917 1777 1945 dono
1793 1922 1882 1953 atque
1900 1918 2024 1945 concedo
2039 1922 2064 1945 et
2082 1918 2169 1946 trado

1201 1971 1295 2000 eidem
1313 1971 1436 1999 domino
1449 1979 1525 2008 pape
1541 1975 1567 1998 et
1583 1971 1713 1998 Romane
1729 1971 1846 1999 ecclesie
1862 1970 1902 1998 ad
1921 1980 2019 1998 t't’t'ssm
2034 1971 2170 2008 proprie-

1202 2029 1291 2053 tatem
1311 2025 1551 2060 inperpetuum,
1570 2023 1706 2051 videlicet
1725 2031 1817 2050 unam
1836 2023 1957 2050 domum
1978 2032 2073 2051 meam
2087 2024 2170 2060 posi-

1203 2082 1265 2106 tam
1284 2077 1368 2112 infra
1385 2084 1500 2104 roceam
1517 2076 1659 2109 Paliani,
1680 2084 1747 2103 cum
1766 2076 1906 2103 omnibus
1917 2076 2062 2112 juribus,
2082 2077 2170 2104 utili-

1204 2130 1316 2159 tatibus
1331 2134 1357 2157 et
1371 2129 1569 2166 pertinentiis
1583 2129 1659 2165 suis,
1671 2129 1750 2156 sieut
1764 2129 1828 2156 suis
1842 2128 1954 2163 sinibus
1970 2129 2167 2163 terminatur,

1202 2183 1241 2211 ad
1259 2181 1452 2215 intrandum,
1471 2181 1646 2209 tenemium.
1664 2180 1877 2216 possidendum
1899 2185 1924 2208 et
1937 2181 2111 2215 faciendum
2130 2181 2171 2208 li—

1202 2236 1266 2263 bere
1287 2236 1316 2262 in
1335 2239 1511 2271 perpetuum
1529 2242 1580 2261 sue
1596 2233 1815 2270 beneplacitum
1834 2234 2011 2261 voluntatis.
2030 2233 2087 2261 Pro
2099 2242 2172 2269 pre-

1203 2288 1294 2317 dictis
1318 2292 1418 2315 autem
1445 2287 1584 2314 omnibus
1605 2286 1739 2322 firmiter
1763 2291 1788 2314 ct
1811 2286 1942 2321 fideliter
1962 2286 2168 2317 obscrramlis,

1203 2350 1249 2369 me
1275 2349 1413 2376 meosque
1439 2339 1560 2367 heredes
1581 2343 1607 2366 et
1629 2347 1810 2367 successores
1831 2343 1856 2366 et
1879 2339 1983 2366 oinnia
2007 2348 2068 2366 mea
2095 2339 2171 2366 bona.

1202 2394 1327 2422 niobilia
1350 2398 1375 2421 et
1396 2392 1564 2420 immobilia
1588 2392 1690 2420 habita
1712 2396 1736 2419 et
1758 2391 1912 2424 habenda,
1932 2391 2025 2419 eidem
2049 2391 2171 2419 domino

1200 2455 1277 2484 pape
1305 2446 1428 2482 suisque
1458 2442 1686 2472 successoribus*
1700 2444 1920 2480 principaliter
1947 2449 1973 2471 ct
2000 2444 2172 2480 specialiter

1203 2501 1309 2536 obligo,
1329 2503 1355 2527 et
1378 2498 1477 2527 eadem
1498 2503 1621 2535 propter
1645 2498 1697 2526 hoc
1721 2498 1894 2534 specialiter
1914 2498 1949 2524 ab
1972 2498 2014 2525 eis
2032 2497 2170 2533 precario

1204 2562 1250 2581 me
1261 2553 1411 2580 constituo
1422 2550 1582 2588 possidere.
1594 2550 1807 2578 Renuntiando
1819 2551 1849 2577 in
1862 2550 1877 2577 Ιι
1886 2550 1922 2577 iis
1935 2550 2075 2577 omnibus
2086 2549 2171 2577 omni

1197 2605 1284 2643 juris
1299 2604 1420 2632 auxilio
1435 2604 1577 2632 canonici
1592 2608 1618 2631 et
1638 2603 1750 2637 eit-ilis,
1772 2602 1986 2630 consuetudini
2002 2606 2027 2630 et
2045 2606 2169 2636 statuto,

1204 2663 1229 2687 et
1245 2658 1332 2686 omni
1347 2657 1472 2690 actioni,
1493 2656 1660 2692 esi-cptioni
1675 2660 1700 2683 et
1723 2656 1775 2689 rei,
1799 2664 1854 2691 que
1870 2659 1987 2691 possent
2002 2655 2077 2683 obici
2098 2663 2170 2683 con-

1205 2715 1251 2739 tra
1271 2711 1511 2737 instrumentum
1528 2708 1708 2742 celsaetum.
1722 2707 1969 2743 Promittenspro
1982 2715 2026 2734 me
2039 2707 2171 2742 meisque

1203 2762 1362 2791 heredibus
1386 2766 1411 2789 et
1434 2760 1650 2789 successoribus
1676 2764 1819 2796 perpetuo
1840 2760 1919 2787 hanc
1946 2759 2165 2793 venditionem,

1203 2815 1399 2844 donationem
1423 2818 1449 2841 et
1471 2813 1666 2841 traditionem
1687 2816 1712 2839 et
1734 2812 1838 2839 omnia
1859 2812 2037 2848 supradicta
2060 2817 2127 2839 rata
2144 2815 2170 2839 et

1202 2869 1294 2905 firma
1309 2876 1426 2904 semper
1441 2866 1556 2900 habere,
1576 2864 1799 2893 inviolabiliter
1815 2864 1972 2892 obs-creare
1984 2868 2010 2891 et
2023 2872 2080 2892 non
2099 2870 2170 2892 con-

1205 2926 1252 2950 tra
1272 2920 1385 2955 venire,
1409 2919 1458 2947 sed
1477 2919 1504 2946 si
1526 2926 1600 2955 opus
1615 2922 1640 2945 ct
1662 2925 1773 2946 neeesse
1787 2917 1893 2952 suerit,
1915 2917 2048 2953 lcyitime
2066 2916 2170 2951 defen-

1203 2974 1270 3002 dere
1285 2974 1320 3001 ab
1331 2973 1416 3001 omni
1429 2980 1568 3009 persona.
1590 2970 1708 3004 Quodsi
1718 2970 1856 3007 predicta
1872 2969 1976 2998 omnia
1995 2978 2052 2997 non
2069 2978 2171 2997 serra-
