2392 3571
671 347 722 376 LE
746 347 891 377 LIBER
914 347 1148 378 CENSUUM
1172 348 1227 378 DE
1250 339 1436 378 L'153GIASE
1460 349 1669 379 ROMAINE.
2161 351 2219 381 499

165 413 302 450 quinque
318 413 413 442 libras
425 414 572 442 bonorum
589 414 840 451 proveniensium
861 418 993 447 senatus,
1013 414 1048 442 de
1062 414 1134 450 qui-

165 465 218 494 bus
237 465 308 494 bene
322 475 369 495 me
384 474 454 495 voco
470 466 608 503 quietum
628 467 752 494 nomine
767 465 843 494 dicte
858 466 1009 502 mulieris,
1028 475 1134 504 excep-

167 518 245 547 tioni
266 527 328 548 non
351 523 512 548 numerate
531 519 659 556 pecunie
679 518 907 554 renuntiando;
933 523 958 547 et
980 519 1008 547 si
1027 519 1134 548 domus

161 571 301 608 predicta
319 571 391 608 plus
408 571 497 606 valet,
518 575 612 599 totum
630 571 754 599 nomine
776 570 854 599 dicte
873 571 1016 599 mulieris
1031 579 1049 599 α
1062 579 1134 608 pre-

164 624 242 652 senti
272 623 348 652 dono
374 628 464 660 atque
493 623 616 652 concedo
641 623 735 651 cidem
759 623 884 652 domino
909 632 986 660 pape
1011 624 1134 660 suisque

164 676 384 705 successoribus
398 676 431 704 in
443 680 635 713 perpetuum.
655 675 713 704 Pro
728 675 838 712 quibus
849 675 992 704 omnibus
1001 675 1135 712 firmiter

164 733 190 757 et
205 728 337 766 fideliter
353 728 547 757 observandis
569 729 674 756 omnia
694 736 760 756 mea
781 728 856 756 bona
881 728 1008 757 mobilia
1025 733 1051 757 et
1072 729 1134 757 im-

163 781 289 810 mobilia
315 785 342 809 et
368 781 582 818 procuratorio
609 781 733 809 nomine
759 780 835 809 dicte
862 781 1004 809 mulieris
1028 782 1133 810 omnia

164 833 241 862 bona
255 833 354 870 ipsius
370 833 495 861 mobilia
511 837 538 861 et
553 833 726 861 immobilia
738 833 892 869 presentia
909 838 935 861 et
947 834 1058 869 sutura
1074 834 1135 871 ipsi

164 885 287 914 domino
308 894 385 923 pape
414 890 440 914 et
464 885 682 914 successoribus
705 886 770 914 suis
794 886 967 922 specialiter
990 886 1087 923 obliyo
1107 891 1134 914 et

163 938 264 968 eadem
287 938 323 967 ab
347 939 390 967 eis
411 939 550 976 precario
579 947 634 966 nos
656 939 806 967 constituo
824 938 984 975 possidere.
1010 939 1134 968 Renun-

165 991 270 1020 tiando
281 991 315 1020 in
333 991 395 1020 hiis
411 991 551 1020 omnibus
563 992 686 1020 nomine
698 999 762 1019 meo
772 995 798 1019 et
810 991 943 1028 predicte
958 999 1060 1020 nurus
1072 1000 1134 1020 mee

163 1045 249 1073 omni
267 1045 354 1081 juris
376 1045 497 1073 auxilio
521 1044 663 1073 canonici
687 1048 714 1073 el
737 1044 851 1078 civilis,
873 1044 1089 1073 consuetudini
1107 1049 1134 1072 et

163 1101 286 1133 statuto,
305 1101 333 1125 et
345 1098 431 1125 omni
446 1097 562 1125 actioni
576 1097 782 1134 exceptioniet
797 1097 841 1124 rei
857 1105 913 1133 que
926 1101 1045 1134 possent
1057 1097 1136 1125 obici

164 1154 270 1179 contra
299 1150 542 1178 instrumentum
572 1149 619 1178 vel
644 1150 773 1185 sactum,
801 1150 983 1186 promittens
1012 1150 1134 1178 nomine

163 1203 240 1231 dicte
262 1202 403 1230 mulieris
419 1206 444 1230 et
460 1210 524 1230 meo
540 1202 666 1239 proprio
685 1202 808 1230 nomine
830 1202 909 1231 hanc
925 1202 1133 1231 venditionem

163 1263 214 1284 seu
230 1255 449 1283 alienationem
465 1259 491 1283 et
509 1254 706 1283 traditionem
721 1259 747 1283 et
762 1255 866 1283 omnia
884 1255 1063 1292 supradicta
1076 1256 1134 1292 ju-

163 1307 328 1346 ⁴ra[mento]
346 1316 365 1336 a
380 1316 427 1335 me
442 1307 642 1345 corporaliter
657 1309 782 1344 prestito
800 1312 944 1345 perpetuo
966 1308 1135 1336 inviolabi-

163 1360 234 1389 liter
255 1360 411 1389 observare
431 1365 458 1388 et
480 1368 543 1388 non
565 1364 671 1388 contra
696 1361 818 1394 venire,
837 1360 887 1388 sed
902 1361 929 1389 si
947 1369 1021 1397 opus
1036 1365 1063 1389 et
1079 1368 1134 1389 ne-

163 1421 236 1441 cesse
255 1413 352 1448 suerit
368 1413 502 1449 legitime
519 1412 674 1448 defendere
689 1413 726 1441 ab
741 1413 827 1441 omni
847 1421 988 1450 persona.
1009 1413 1091 1446 Quod
1108 1414 1136 1441 si

160 1465 299 1503 predicta
315 1466 422 1494 omnia
446 1474 507 1494 non
525 1466 645 1501 suerint
662 1470 696 1494 ut
714 1465 829 1494 dictum
853 1471 894 1494 est
916 1466 1073 1494 observata-
1088 1466 1135 1494 vel

164 1518 295 1555 quolibet
312 1518 399 1547 modo
415 1519 592 1547 venerimus
605 1523 711 1547 contra
724 1519 886 1555 premissa,
902 1519 1070 1555 predictam
1081 1527 1135 1556 pe-

164 1571 292 1600 cuniam
312 1571 434 1599 nomine
454 1580 528 1608 pene
549 1571 675 1608 duplam
701 1572 823 1600 nomine
845 1571 923 1600 dicte
946 1571 1089 1599 mulieris
1108 1576 1135 1600 et

166 1631 228 1652 meo
244 1623 338 1652 eidem
362 1623 486 1653 domino
499 1632 576 1661 pape
594 1629 620 1652 et
642 1624 772 1653 Romane
793 1625 912 1653 ecclesie
926 1625 1073 1661 promitto
1088 1632 1135 1652 me

165 1677 282 1713 intesjre
297 1677 484 1711 soluturum,
505 1681 531 1705 et
544 1685 623 1714 pena
641 1677 741 1705 soluta
758 1681 932 1705 contractus
951 1677 983 1705 in
1005 1685 1061 1705 sua
1082 1677 1134 1705 ni-

164 1729 353 1758 chilominus
367 1729 515 1766 firmitate
532 1734 723 1767 permaneat.
745 1730 851 1759 Actum
870 1730 1060 1766 presentibus
1078 1734 1134 1758 tes-

165 1782 244 1810 tibus
256 1781 296 1810 ad
309 1782 362 1810 hoc
377 1782 549 1819 specialiter
564 1782 688 1819 royatis,
707 1782 820 1811 scilicet
837 1793 846 1810 :

203 1834 328 1862 domino
343 1834 500 1863 Benedicto
516 1835 636 1863 domini
651 1843 728 1872 pape
746 1835 929 1868 camerario,
948 1839 1032 1869 teste,-

204 1887 352 1924 maqistro
368 1887 516 1915 Thobaldo
531 1887 650 1915 domini
664 1896 740 1924 pape
757 1887 926 1924 capellano,
948 1891 1034 1922 teste,-

203 1940 326 1968 domino
341 1939 493 1976 Stephano
508 1940 628 1968 domini
641 1948 714 1977 pape
730 1940 894 1977 capellano,
915 1944 983 1968 teste
992 1949 1000 1974 ς

203 1993 340 2022 Johanne
353 1993 458 2021 Leonis
467 1993 572 2030 jitdice
588 1993 725 2026 Paliani,
745 1998 831 2027 teste;

203 2046 382 2075 Montanino
399 2045 562 2074 cambitore
577 2054 702 2081 camere,
724 2050 803 2074 teste.

203 2100 240 2128 Et
257 2107 307 2136 eqo
322 2099 486 2128 Riccardus
500 2099 673 2136 imperialis
689 2099 759 2127 aule
774 2099 962 2128 scriniarius
976 2099 1054 2128 hanc
1069 2108 1134 2128 car-

165 2156 226 2180 tam
243 2153 406 2188 utriusque
420 2152 520 2188 partis
533 2159 679 2180 consensu
695 2152 842 2189 complevi
857 2156 993 2188 1r09a1us.

127 2307 370 2339 CCXXXVIII.
387 2324 428 2330 —
448 2308 600 2338 CARTULA
618 2308 761 2338 RoLANm
779 2318 816 2337 DE
832 2308 1002 2339 Tuofflmo
1018 2319 1056 2338 ET
1071 2309 1134 2339 Oc-

165 2370 295 2391 TAVIAM
313 2370 388 2391 FILII
408 2369 457 2391 SUI
476 2370 515 2390 DE
533 2369 725 2397 VENDH'IONE
742 2369 893 2391 BONORUM
912 2369 1038 2392 SUORUM
1050 2363 1072 2392 1.

204 2466 243 2495 In
258 2467 381 2496 nomine
396 2466 529 2502 Domini,
552 2475 650 2495 amen.
668 2467 756 2495 Anno
773 2467 1004 2496 incarnationis
1020 2467 1136 2496 Christi

164 2519 330 2548 millesimo
356 2519 410 2548 00⁰
434 2519 586 2548 tricesimo
610 2519 708 2554 tertio,
728 2519 926 2556 pontificatus
952 2519 1072 2548 domini
1100 2519 1132 2549 G.

162 2580 240 2610 pape
262 2572 339 2601 noni
362 2580 444 2600 anno
465 2576 560 2607 seatio,
587 2580 687 2600 mense
709 2571 812 2601 madio
831 2572 879 2600 die
894 2573 949 2608 XV,
967 2572 1134 2602 indictione

164 2629 259 2654 sescla.
276 2625 335 2654 Nos
349 2624 504 2653 Rolandus
523 2625 558 2653 de
582 2624 746 2654 Theobaldo
761 2630 787 2654 et
805 2625 991 2654 Octavianus
1003 2630 1092 2663 pater
1108 2630 1135 2654 et

165 2677 251 2714 filius
278 2677 334 2706 hac
358 2677 407 2706 die
430 2678 565 2715 presenti
586 2678 717 2715 propria
739 2682 766 2707 et
788 2682 954 2716 spontanea
978 2679 1135 2708 voluntate

163 2855 189 2881 1.
205 2855 236 2881 15
249 2855 305 2881 mai
319 2853 396 2882 1233.
409 2869 442 2873 —
454 2853 585 2880 Rolando
602 2853 637 2880 de
651 2853 796 2880 Teobaldo
809 2858 838 2880 et
852 2862 905 2880 son
921 2854 966 2880 fils
981 2853 1134 2881 Ottaviano

127 2903 231 2930 cedent
250 2911 286 2930 au
310 2911 382 2938 pape
402 2902 543 2937 Gregoire
558 2901 613 2935 IX,
631 2904 798 2937 represent&
814 2911 864 2937 pai·
881 2902 983 2929 maitre
998 2902 1134 2929 Rom-edo

127 2951 243 2985 Uberti,
259 2954 323 2978 tout
342 2959 375 2977 ce
397 2951 483 2986 qu'ils
498 2951 655 2985 possedent
674 2952 690 2977 ὲ
712 2950 844 2984 paliano,
861 2959 934 2985 pour
949 2959 1006 2977 une
1022 2958 1133 2977 somme

127 2999 162 3026 de
177 3000 211 3027 55
226 2999 323 3032 livres,
340 3001 356 3025 ὲ
372 3004 427 3026 eux
444 3001 545 3026 ver-see
561 3007 611 3034 par
625 3000 651 3025 le
667 2999 807 3026 camerier
822 2998 936 3026 Benoit.

1256 414 1420 443 vendimus
1438 419 1463 443 et
1478 416 1720 444 irrevocabiliter
1738 417 1891 445 tradimus
1914 418 1969 446 tibi
1988 419 2135 455 magistro
2151 418 2220 454 Bos-

1253 466 1336 502 srido
1354 466 1480 495 Huberti
1501 467 1535 494 de
1554 468 1695 504 Anaqnia
1715 470 1927 506 procuratorio
1947 470 2071 498 nomine
2095 478 2149 507 pro
2167 470 2219 499 do-

1254 519 1340 546 mino
1352 527 1433 556 papa
1449 523 1475 547 et
1490 521 1706 548 successoribus
1721 522 1786 549 suis
1802 522 1961 558 recipienti
1980 522 2018 550 ad
2032 531 2104 559 opus
2119 527 2145 551 el
2160 523 2220 551 uti-

1255 571 1369 599 litatem
1389 571 1519 599 Romane
1534 572 1650 600 ecclesie
1666 573 1699 601 in
1718 578 1908 610 perpetuum,
1929 574 2066 602 videlicet
2087 579 2176 603 totam
2194 579 2220 603 et

1254 623 1405 660 inteyram
1428 628 1545 660 partem
1570 629 1703 652 nostram
1727 634 1806 653 roece
1828 635 1862 654 ac
1882 627 1976 654 castri
2001 626 2124 654 Paliani
2149 636 2216 655 cum

1254 675 1393 703 domibus
1414 680 1439 703 et
1461 676 1607 704 casalinis
1631 677 1714 711 infra
1737 678 1859 705 eandem
1884 686 1998 706 roceam
2022 679 2106 707 nobis
2126 680 2218 716 perti-

1253 728 1394 756 nentibus
1404 732 1430 755 et
1441 736 1508 755 cum
1521 729 1932 765 omnijure‚jurisdictione,
1947 730 2094 764 dominio,
2108 731 2220 759 honore

1253 784 1280 808 et
1296 780 1413 808 actione
1425 784 1451 807 et
1466 784 1526 807 tam
1546 781 1576 808 in
1594 781 1734 809 vassallis
1747 790 1837 818 quam
1854 783 1884 810 in
1904 783 2002 817 terris,
2018 784 2127 816 vineis,
2143 792 2219 820 pra-

1255 833 1304 866 tis,
1320 832 1484 866 montibus,
1499 832 1635 860 collibus.
1651 833 1749 861 silvis.
1764 834 1916 869 planitiis,
1937 836 2067 871 pascuis,
2088 837 2177 872 aquis
2191 841 2218 864 et

1254 893 1316 913 com
1324 885 1494 912 unitatibus
1505 885 1667 919 universis,
1679 886 1757 913 sieut
1770 887 1853 914 nobis
1863 892 1888 914 et
1899 887 2056 915 heredibus
2065 888 2219 924 pertinent

1253 946 1307 974 pro
1324 937 1422 965 diviso
1440 937 1484 965 rel
1506 937 1641 965 indii-iso
1667 938 1697 965 in
1720 939 1853 974 predicto
1871 944 1967 967 castro
1992 940 2074 967 intus
2090 945 2115 967 et
2133 945 2218 967 estra

1254 994 1280 1018 et
1297 999 1350 1026 per
1366 994 1458 1017 lotum
1479 989 1608 1025 ejusdem
1627 991 1719 1017 castri
1740 991 1928 1018 territorium
1946 996 1971 1019 et
1988 991 2176 1026 districtum,
2194 997 2220 1020 et

1254 1041 1403 1079 quicquid
1418 1050 1472 1069 nos
1488 1042 1533 1070 ¹vel
1551 1042 1615 1069 alia
1634 1051 1761 1078 persona
1776 1051 1832 1079 pro
1849 1029 1981 1071 nobis'cle
1995 1044 2140 1080 predictis
2154 1053 2220 1072 om-

1255 1095 1345 1123 nibus
1358 1094 1545 1131 possidemus
1559 1103 1575 1121 a
1590 1096 1723 1131 presenti
1735 1096 1950 1123 constituimus
1967 1105 2019 1124 nos
2036 1097 2157 1124 nomine
2170 1097 2220 1125 Ro·

1255 1156 1345 1176 mane
1361 1147 1478 1175 ecclesie
1492 1146 1652 1183 possidere.
1678 1151 1703 1175 et
1723 1147 1832 1175 damus
1849 1152 1938 1184 atquc
1955 1149 2145 1176 concedimus
2162 1149 2220 1185 ipsi

1255 1200 1378 1229 domino
1396 1207 1472 1236 pape
1494 1199 1614 1236 plenam
1637 1203 1663 1226 et
1685 1199 1811 1227 liberam
1831 1204 2004 1236 potestatem
2030 1200 2170 1228 intrandi
2195 1206 2220 1229 et

1255 1252 1427 1289 accipiendi
1440 1260 1495 1288 per
1509 1260 1537 1279 se
1550 1251 1596 1279 vel
1608 1259 1664 1288 per
1679 1256 1906 1288 procuratorem
1929 1261 2019 1280 suum
2042 1253 2222 1281 auctoritate

1253 1306 1382 1344 propria
1402 1305 1614 1342 possessionem
1644 1305 1782 1332 omnium
1807 1304 2012 1341 predictorum
2041 1310 2065 1333 et
2093 1305 2223 1333 habendi

1257 1357 1562 1394 tenendipossidendi
1578 1357 1616 1385 ad
1630 1365 1704 1394 opus
1723 1361 1749 1385 et
1768 1357 1933 1385 utilitatem
1957 1358 2087 1385 Romane
2106 1358 2222 1385 ecclesie

1258 1412 1290 1440 in
1307 1414 1486 1448 perpetuum
1508 1410 1613 1438 omnia
1629 1409 1821 1446 supradicta,
1843 1410 1927 1437 salvo
1946 1411 2118 1446 peremnia
2139 1409 2222 1437 nobis

1255 1468 1282 1492 et
1297 1463 1456 1492 heredibus
1475 1463 1585 1491 nostris
1603 1467 1745 1499 perpetuo
1767 1463 1845 1499 quod
1863 1471 1966 1490 omnes
1984 1463 2181 1499 possessiones
2197 1468 2222 1490 el

1255 1518 1331 1546 bona
1350 1521 1453 1544 nostra
1476 1516 1646 1544 immobilia
1667 1520 1752 1543 extra
1778 1516 1964 1545 munitiones
1983 1515 2110 1552 predicti
2129 1516 2224 1544 castri

1253 1570 1351 1607 posita
1376 1573 1402 1596 et
1426 1567 1562 1596 redditus
1588 1568 1788 1596 vassallorum
1821 1572 1992 1596 nostrorum
2020 1577 2092 1603 quos
2116 1573 2141 1596 et
2167 1577 2222 1604 que

1256 1623 1350 1658 hujus
1360 1621 1558 1649 alienationis
1575 1624 1703 1656 tempore
1722 1620 1751 1648 in
1770 1624 1868 1648 castro
1882 1620 2046 1647 habuimus
2061 1625 2223 1648 memorato

1257 1669 1291 1702 in
1304 1673 1427 1709 feudum
1445 1682 1462 1700 a
1480 1673 1613 1701 Romana
1632 1673 1752 1700 eeclesia
1768 1672 1801 1700 de
1816 1677 1909 1700 cetero
1929 1677 2082 1700 teneamus
2097 1677 2122 1700 et
2140 1673 2222 1709 ejus-

1255 1727 1320 1755 dem
1342 1726 1460 1754 domini
1476 1734 1552 1762 pape
1568 1734 1602 1753 ac
1617 1733 1820 1753 suceessorum
1840 1733 1966 1752 suorum
1986 1725 2109 1753 vassalli
2125 1725 2222 1753 simus

1255 1779 1364 1808 exinde
1376 1784 1519 1816 perpetuo
1533 1782 1558 1806 ct
1572 1777 1672 1814 fideles
1683 1782 1709 1805 et
1723 1778 1830 1805 eisdem
1847 1782 1968 1814 propter
1985 1778 2037 1805 hoe
2052 1778 2224 1814 specialiter

1253 1836 1422 1870 prestemus
1443 1831 1620 1867 homayium
1645 1830 1813 1867 personale.
1835 1830 1893 1857 Pro
1915 1830 1971 1857 hae
1993 1834 2092 1857 (netem
2116 1830 2222 1858 vendi-

1257 1886 1336 1914 tione
1355 1893 1406 1913 seu
1429 1885 1614 1913 alienatione
1638 1889 1664 1911 et
1688 1883 1853 1911 traditione
1873 1882 2054 1918 confitemur
2076 1891 2127 1911 nos
2144 1892 2223 1911 rece-

1253 1939 1332 1975 pisse
1349 1942 1375 1966 et
1390 1938 1529 1965 habuisse
1543 1945 1561 1964 a
1578 1936 1702 1964 domino
1719 1935 1875 1964 Benedieto
1896 1935 2015 1963 domini
2031 1944 2108 1972 pape
2123 1943 2224 1964 came-

1255 1991 1342 2019 rario
1360 1990 1482 2018 nomine
1500 1989 1597 2026 ipsius
1612 1988 1733 2016 domini
1745 1996 1821 2025 pape
1835 1988 1974 2021 solvente,
1995 1988 2223 2024 quinquaqinta

1256 2043 1391 2080 quinque
1407 2042 1500 2070 libras
1515 2042 1661 2069 bonorum
1677 2040 1927 2077 proveniensium
1943 2045 2082 2074 senaIuS,
2103 2040 2137 2068 dc
2153 2041 2224 2076 qui-

1255 2097 1308 2124 bus
1325 2104 1377 2123 nos
1396 2095 1465 2123 bene
1485 2094 1600 2131 quietos
1620 2102 1774 2127 vocamus,
1794 2093 1962 2130 exceptioni
1984 2102 2043 2121 non
2066 2098 2225 2121 numerate

1253 2149 1381 2187 pecunie
1406 2147 1634 2181 7·emlntiando‚·
1662 2151 1687 2174 et
1714 2147 1741 2175 si
1763 2146 1900 2183 predicta
1921 2146 1996 2174 bona
2016 2146 2087 2183 plus
2112 2146 2222 2174 valent.

1258 2206 1351 2230 totum
1369 2209 1388 2228 a
1406 2199 1540 2237 presenti
1559 2198 1652 2227 eidem
1671 2198 1796 2226 domino
1816 2206 1893 2234 pape
1914 2202 1939 2226 et
1956 2198 2088 2226 Romane
2108 2198 2226 2226 ecclesie

1256 2254 1365 2283 damus
1385 2258 1474 2290 atque
1494 2252 1685 2281 concedimus
1707 2251 1798 2279 libere
1812 2252 1885 2287 jure
1907 2250 2082 2279 donationis
2101 2251 2135 2278 in
2153 2259 2225 2287 per-

1253 2312 1392 2345 petuum.
1412 2306 1470 2334 Pro
1492 2305 1602 2342 quibus
1617 2305 1758 2333 omnibus
1777 2304 1910 2340 firmiter
1931 2308 1956 2331 et
1978 2303 2108 2339 fideliter
2127 2304 2225 2331 obser-

1256 2359 1367 2389 vandis
1387 2359 1492 2387 omnia
1513 2358 1588 2386 bona
1609 2361 1714 2385 nostra
1736 2356 1863 2385 mobilia
1885 2360 1911 2384 et
1935 2356 2108 2384 immobilia
2128 2355 2226 2384 eidem

1255 2413 1380 2442 domino
1401 2419 1478 2449 pape
1503 2411 1627 2446 suisque
1655 2409 1875 2442 successoribus
1897 2413 1923 2437 et
1952 2409 2083 2437 Romane
2107 2409 2225 2437 ecclesie

1256 2465 1425 2502 obliyamus
1441 2468 1466 2491 et
1488 2463 1589 2491 eadem
1608 2466 1732 2498 propter
1748 2461 1800 2489 hoc
1818 2465 1844 2489 et
1864 2461 1899 2489 ab
1914 2461 1957 2489 eis
1973 2465 1999 2489 et
2016 2461 2151 2497 ipsorum
2170 2468 2224 2488 no-

1256 2519 1339 2546 mine
1358 2525 1412 2545 nos
1433 2515 1650 2545 constituimus
1669 2513 1831 2551 possidere.
1861 2514 2081 2542 Renuntiantes
2108 2514 2139 2540 in
2163 2513 2225 2541 hiis

1256 2570 1396 2599 omnibus
1415 2569 1502 2597 omni
1517 2568 1604 2605 juris
1621 2567 1756 2601 auxilio,
1774 2566 1991 2595 consuetudini
2005 2571 2031 2594 et
2046 2570 2173 2600 statuto,
2198 2570 2225 2593 et

1240 2620 1342 2653 'omni
1366 2622 1483 2651 actioni
1504 2620 1675 2657 eccceptioni
1693 2624 1720 2648 et
1740 2619 1786 2647 rei
1806 2627 1862 2655 que
1877 2623 1996 2656 possent
2015 2619 2094 2647 obici
2118 2622 2224 2646 eontra

1256 2677 1501 2705 instrumentum
1532 2673 1577 2702 vel
1603 2673 1732 2708 sactum.
1763 2671 1850 2700 Hanc
1877 2675 1977 2699 autem
2006 2670 2222 2704 venditionem,

1256 2728 1473 2758 alienationem
1490 2731 1516 2755 et
1533 2725 1728 2754 traditionem
1743 2725 1885 2752 etomnia
1900 2723 2078 2760 supradicta
2091 2723 2225 2760 promit-

1257 2783 1351 2811 timus
1366 2789 1419 2818 pro
1434 2779 1518 2808 nobis
1535 2783 1562 2807 et
1578 2777 1736 2806 heredibus
1759 2776 1887 2810 nostris,
1905 2776 2086 2812 Juramento
2105 2784 2123 2803 α
2141 2775 2224 2803 nobis

1256 2833 1456 2872 corporaliter
1479 2831 1619 2869 prestito,
1645 2829 1780 2866 firmiter
1802 2829 1958 2857 observare
1984 2833 2010 2856 et
2036 2836 2093 2856 non
2117 2832 2223 2856 contra

1256 2888 1372 2921 venire,
1386 2885 1435 2914 sed
1447 2886 1474 2913 si
1489 2893 1564 2922 opus
1575 2883 1671 2919 suerit
1685 2883 1819 2919 legitime
1834 2881 1989 2917 defendere
2003 2882 2039 2910 ab
2055 2882 2141 2910 omni
2153 2889 2224 2918 per-

1255 2948 1341 2969 sona.
1361 2938 1443 2972 Quod
1456 2939 1483 2966 si
1498 2937 1634 2974 predicta
1650 2936 1755 2964 omnia
1772 2944 1788 2963 a
1809 2935 1894 2963 nobis
1915 2943 1972 2963 non
1993 2935 2112 2970 suerint
2127 2934 2225 2962 obser-

1256 2998 1329 3022 vata
1345 2992 1390 3021 vel
1406 2991 1536 3028 quolibet
1552 2989 1638 3018 modo
1659 2989 1832 3018 venerimus
1849 2992 1954 3016 eontra
1971 2987 2139 3024 premissa.
2155 2995 2226 3023 pre-
