2392 3571
636 349 686 380 LE
709 350 852 381 LIBER
877 351 1112 381 CENSUUM
1135 351 1190 380 DE
1213 341 1401 381 L'ssGLISE
1425 352 1633 383 ROMAINE.
2124 355 2182 387 503

127 416 223 445 michi
244 417 397 453 pertinent
420 417 513 445 eidem
538 417 660 446 domino
680 426 758 454 pape
780 422 805 446 et
828 418 959 446 Romane
981 418 1098 446 ecclesie

126 469 222 506 obliyo
237 474 262 498 et
286 469 387 498 eadem
406 474 530 507 propter
552 470 605 499 hoc
624 471 796 507 specialiter
817 471 953 507 ipsorum
975 471 1098 499 nomine

125 531 172 550 me
199 523 348 551 constituo
374 522 534 560 possidere.
565 523 780 551 Renuntianclo
809 523 842 551 in
868 523 931 551 hiis
958 523 1097 551 omnibus

126 576 211 603 omni
229 576 315 612 juris
337 575 457 604 auxilio
481 576 625 604 canonici
650 580 675 604 et
698 576 810 611 civilis.
836 575 1051 604 consuetudini
1071 578 1096 603 et

126 632 254 662 statute,
279 632 304 656 et
327 629 412 656 omni
434 629 564 663 actioni⁷
590 628 758 664 exceptioni
784 632 808 655 et
832 629 876 655 rei
901 636 956 664 quc
978 633 1096 665 possent

126 681 202 708 obici
232 685 337 709 contra
361 681 604 708 instrumentum
640 681 686 708 vel
714 682 842 716 factum.
872 680 916 708 Ad
948 681 1093 717 majorem

93 730 103 735 ⁷
125 736 227 761 autem
249 732 398 760 cautelam
411 733 486 769 juro
502 741 592 770 super
610 738 716 761 sancta
737 734 895 769 ecanyelia
912 738 937 761 ct
953 733 1096 770 confiteor

124 793 170 814 me
192 785 420 821 emancipatum
444 790 469 813 et
487 785 649 814 liberatum
669 794 728 814 esse
747 794 765 814 a
784 787 890 823 patria
908 791 1051 822 potestate
1069 791 1095 815 et

122 838 268 875 promitto
279 845 334 873 pro
352 845 397 865 me
414 837 546 874 meisque
569 837 727 865 heredibus
746 837 825 866 hanc
847 838 1051 866 venditionem
1068 843 1094 866 et

94 882 105 885 ”
125 889 323 918 traditionem
335 894 360 918 et
377 890 482 918 omnia
493 889 670 927 supradicta
683 890 752 926 firm
762 891 816 917 iter
829 894 855 918 et
873 890 1094 919 inviolabiliter

92 933 102 937 >
122 948 265 981 perpetuo
283 943 438 972 observare
455 947 480 972 et
496 943 582 971 nullo
602 943 689 971 modo
712 943 757 971 vel
779 943 903 980 ‘incensio
920 948 1026 972 contra
1044 953 1094 972 ve-

109 996 208 1031 nire,
228 996 277 1024 sed
298 997 325 1024 si
345 1005 418 1034 opus
440 1001 466 1025 et
489 1005 601 1025 necesse
618 997 713 1032 fuerit
733 996 865 1033 lcyitime
887 996 1042 1032 defendere
1058 997 1093 1025 ab

124 1049 209 1078 omni
225 1057 367 1087 persona.
387 1049 469 1083 Quod
483 1049 510 1077 si
522 1049 660 1086 predicta
675 1050 781 1078 omnia
797 1058 814 1077 a
831 1058 877 1077 me
893 1050 1025 1086 meisque
1041 1049 1093 1078 he-

124 1102 246 1131 redibus
261 1111 323 1131 non
342 1103 460 1138 fuerint
483 1102 636 1131 observato
657 1103 703 1131 vel
723 1103 852 1139 quolibet
870 1102 956 1131 modo
972 1103 1092 1131 ceneri-

125 1163 194 1184 mus
210 1159 316 1184 contra
329 1156 490 1192 premissa,
505 1155 673 1193 predictam
692 1156 855 1192 pecuniam
882 1155 1004 1184 nomine
1018 1164 1093 1192 pene

125 1209 251 1246 duplam
264 1209 411 1245 promitto
423 1217 479 1246 pro
493 1217 538 1237 me
549 1209 682 1245 meisque
694 1208 852 1236 heredibus
864 1209 956 1236 eidem
969 1208 1092 1237 domino

122 1270 197 1299 pape
211 1266 236 1290 et
250 1262 380 1290 Romane
394 1261 511 1290 ecclesie
524 1270 570 1289 me
583 1261 699 1298 inteyre
713 1261 897 1296 soluturum,
916 1265 941 1289 et
952 1269 1030 1298 pena
1044 1270 1091 1290 so-

125 1314 190 1343 luta
206 1318 380 1343 contractus
399 1314 577 1351 hujusmodi
595 1318 621 1342 et
640 1315 745 1342 omnia
763 1313 941 1351 supradicta
959 1314 1092 1342 nichilo-

92 1400 93 1403 *
125 1367 230 1396 minus
243 1367 336 1404 firma
348 1372 562 1404 permaneant.
581 1367 690 1396 Actum
705 1367 894 1404 presentibus
906 1367 1011 1395 adhoc
1027 1376 1092 1404 spe-

124 1420 245 1449 cialiter
260 1421 387 1457 royosts,
408 1420 522 1448 scilicet
540 1430 548 1447 .-

164 1473 286 1501 domino
302 1473 452 1509 Stephano
470 1473 589 1501 domini
603 1482 679 1510 pape
696 1473 860 1510 capellano,
883 1477 967 1508 teste,-

164 1526 287 1554 domino
301 1526 462 1555 Johannne
477 1526 570 1563 Spata
587 1526 708 1554 domini
720 1534 796 1563 pape
812 1526 983 1563 capellano,
1003 1530 1090 1561 teste;

163 1580 310 1616 maqistro
326 1579 456 1615 Roffrido
470 1579 608 1613 liuberti,
628 1583 712 1613 teste,¹

163 1633 310 1669 magistro
326 1632 460 1660 Oderisio
476 1632 583 1660 clerico
600 1640 725 1666 camere,
747 1636 814 1659 teste
824 1643 832 1659 .-

164 1685 312 1722 mayistro
329 1685 461 1713 Galterio
477 1685 585 1713 clerico
601 1693 728 1718 camere,
748 1689 833 1719 teste:

161 1742 186 1766 ct
203 1738 276 1765 aliis
292 1738 529 1774 quampluribus
544 1738 675 1765 testibus.

162 1791 197 1819 Et
213 1799 263 1827 egio
278 1790 442 1819 Riccardus
458 1790 628 1827 imperialis
639 1791 708 1818 aule
723 1790 912 1818 scriniarius
926 1790 1005 1818 hanc
1021 1798 1090 1818 car-

91 1875 94 1876 ⁷
124 1847 186 1872 tam
199 1843 360 1880 utriusque
375 1843 475 1880 partis
493 1851 637 1871 consensu
653 1843 799 1879 complevi
816 1847 947 1879 royatus.

83 2001 258 2031 CCXLIII.
272 2018 309 2022 —-
323 2001 473 2030 CAn'rULA
488 2009 738 2030 RATlFtcATIONIS
754 2010 791 2029 1-:T
805 2009 976 2030 CONSENSUS
990 2001 1088 2030 Pmm

122 2064 159 2084 DE
175 2054 347 2084 C1V1TELLA
359 2055 380 2083 ¹.

160 2160 197 2188 In.
213 2161 334 2188 nomine
351 2160 483 2193 Domini,
502 2168 601 2187 amen.
625 2161 711 2189 Anno
734 2159 959 2188 incarnationis
975 2159 1090 2188 Christi

122 2213 285 2241 millesimo
308 2213 444 2241 ('('⁰XX.K'⁰
467 2213 570 2241 tertio.
593 2213 789 2249 pontificatus
815 2213 935 2240 domini
958 2212 987 2241 G.
1014 2220 1089 2249 pape

122 2266 198 2294 noni
208 2274 290 2293 anno
303 2269 394 2299 sinuo,
409 2274 508 2293 mense
520 2265 676 2300 februario
690 2265 737 2293 ilic
751 2266 798 2298 XI,
814 2265 980 2293 indictione
993 2270 1085 2294 seoeta.

122 2318 182 2355 E90
200 2318 305 2346 Petrus
325 2318 357 2346 dc
377 2318 518 2347 Cioitella
536 2318 610 2353 juro
632 2327 723 2355 super
744 2322 850 2346 sancta
867 2318 1023 2354 evangelia
1044 2326 1089 2346 me

124 2371 327 2408 emancipasse
352 2369 571 2408 Ruyna[l]dum
591 2370 691 2407 lilium
714 2379 812 2398 ¹meum
837 2371 994 2407 ipsumque
1017 2371 1089 2399 libe-

125 2432 204 2452 rasse
220 2424 324 2460 ajuyo
335 2428 461 2460 paterne
473 2424 628 2460 potestatis
644 2433 678 2451 ac
696 2424 821 2451 cundem
841 2424 946 2452 habere
963 2424 1089 2452 liberam

120 2481 291 2514 potestatem
307 2476 455 2504 vendendi·
467 2481 492 2505 et
504 2476 665 2505 alienandi
676 2481 765 2513 atque
778 2476 908 2504 testandi
919 2481 943 2505 et
955 2477 1090 2512 faciendi

93 2547 97 2550 -
122 2530 157 2557 de
181 2530 264 2558 bonis
286 2530 412 2558 Paliani
435 2534 460 2558 et
478 2529 618 2558 Serronis
636 2529 784 2566 quicquid
808 2530 1034 2566 paterfamilias
1056 2530 1089 2558 de

121 2582 205 2610 bonis
220 2583 285 2610 suis
296 2583 392 2617 facere
406 2586 508 2619 potest,
526 2583 708 2619 promittens
724 2582 904 2618 juramento
924 2591 941 2610 a
959 2591 1004 2610 me
1022 2590 1089 2611 cor-

121 2635 269 2672 poraliter
279 2636 405 2672 prestito
421 2635 509 2663 tactis
521 2635 688 2671 evangeliis
701 2643 744 2662 me
756 2635 924 2671 predictam
944 2635 1088 2663 venditio-

89 2705 99 2711 Γ
123 2696 190 2716 nem
212 2692 237 2715 et
258 2688 474 2716 alienationem
492 2687 615 2716 domino
631 2695 707 2724 pape
725 2691 750 2715 ct
767 2687 897 2715 Romane
919 2688 1036 2716 ecclesie
1055 2688 1089 2715 ‹le

120 2739 268 2776 predictis
287 2739 371 2767 bonis
387 2740 498 2775 fttctom
516 2743 614 2767 ratam
633 2743 657 2767 et
673 2739 795 2775 sirmam
811 2744 954 2776 perpetuo
970 2740 1088 2768 habitu-

124 2801 195 2821 rum
213 2793 265 2820 sub
283 2801 360 2829 pena
382 2792 582 2820 ducentarum
606 2792 755 2820 liin-arum
779 2793 1027 2828 proveniensium
1044 2802 1089 2821 se-

106 2959 145 2985 ⁷1.
165 2959 192 2984 11
211 2958 314 2984 sevrier
334 2957 410 2984 1233.
426 2973 461 2978 -—
482 2957 629 2983 Adhesiou
648 2957 681 2982 de
699 2956 794 2982 I’ierre
812 2956 844 2982 de
861 2956 1004 2989 civitella,
1024 2957 1089 2990 μὲι-ε»

81 3006 120 3032 du
139 3007 251 3032 minem·
268 3007 434 3032 mentionis&
451 3006 522 3032 dans
539 3006 562 3031 la
580 3006 678 3031 charte
693 3005 873 3039 precedente,

1221 422 1334 452 natus‚·
1351 427 1441 454 quam
1457 420 1483 446 si
1498 425 1602 448 contra
1622 422 1722 449 venire
1734 422 1855 450 voluero
1868 422 1959 450 eidem
1975 422 2097 451 domino
2110 432 2184 460 pape

1220 474 1246 498 et
1260 471 1389 498 Romane
1402 472 1518 500 ecclesie
1534 482 1579 500 ¹me
1593 475 1766 502 soluturum
1778 476 1934 511 promitm,
1952 480 1978 503 et
1993 484 2069 512 pena
2083 477 2182 505 soluta

1220 527 1395 551 contractus
1423 524 1455 552 in
1483 534 1538 553 sua
1567 527 1789 555 nichilominus
1815 533 1993 564 permaneat
2021 528 2180 564 firmitate.

1219 575 1327 603 Actum
1358 578 1546 612 presentibus
1572 579 1692 607 testibus
1718 580 1757 607 ad
1781 580 1834 608 hoc
1858 581 2028 617 specialiter
2056 582 2179 618 ragiatis,

1218 629 1330 657 scilicet
1345 638 1354 656 .·

1258 682 1406 717 mayistro
1420 682 1557 711 Jolutnne
1573 683 1605 711 dc
1622 685 1731 713 Sancto
1747 686 1895 714 Germano
1910 687 2028 715 domini
2042 696 2117 724 pape
2131 696 2181 716 ca-

1217 733 1344 770 pellano,
1366 738 1454 769 teste,·

1257 787 1403 823 maylstro
1424 787 1560 816 Johanne
1585 790 1676 825 Spata
1699 791 1828 826 ejusdcm
1852 791 1971 819 doinini
1988 802 2063 829 pape
2083 793 2181 829 capel-

1218 840 1299 874 lano,
1319 845 1402 875 teste,-

1255 893 1394 921 Johanne
1411 893 1539 922 Gaitano
1555 895 1617 922 cicc
1633 896 1804 931 Anayntno,
1827 901 1911 931 teste,-

1256 949 1282 973 et
1297 945 1418 974 Audi-ea
1433 946 1467 974 de
1483 947 1636 983 Anagynia,
1657 952 1734 975 teste.

1175 1088 1367 1119 CCXLIIII.
1393 1106 1430 1110 —
1455 1089 1603 1119 CARTULA
1626 1100 1827 1121 VENm‘moms
1851 1102 1947 1122 FACTE
1969 1103 2006 1122 AB
2029 1094 2179 1125 Onsmfflo

1216 1141 1336 1172 ΡιΝοΤο
1351 1143 1372 1170 ¹.

1254 1235 1291 1263 In
1307 1236 1431 1263 nomine
1450 1235 1583 1268 Domini,
1604 1244 1705 1264 amen.
1722 1236 1808 1264 Anno
1824 1237 2051 1265 incarnationis
2068 1237 2182 1265 Christi

1214 1288 1378 1316 millesimo
1399 1287 1602 1316 ducentesimo
1624 1289 1775 1317 tricesimo
1796 1290 1897 1322 tertio,
1918 1290 2114 1326 pontificatus
2129 1290 2181 1318 ‹Io-

1214 1341 1295 1369 mini
1321 1340 1457 1377 Greyorii
1474 1349 1550 1378 pape
1574 1341 1648 1369 noni
1671 1349 1754 1370 anno
1778 1342 1916 1378 septimo,⁴
1946 1351 2044 1370 mense
2067 1343 2183 1371 marcio

1214 1393 1262 1421 die
1277 1393 1364 1426 XXII,
1383 1393 1552 1421 indictione
1562 1398 1656 1421 sexta.
1673 1394 1732 1422 Nos
1748 1394 1903 1422 Oderisius
1919 1395 2054 1429 Fini-tus,
2068 1396 2182 1423 Bonus-

1214 1446 1302 1474 homo
1315 1450 1342 1474 et
1359 1446 1538 1474 Thomasius
1553 1447 1665 1481 Pincti,
1681 1451 1769 1484 pater
1786 1452 1811 1475 et
1826 1447 1898 1483 filii,
1918 1448 1972 1475 hac
1988 1448 2035 1476 die
2051 1448 2182 1484 presenti

1212 1499 1340 1536 propria
1364 1503 1389 1526 et
1415 1499 1507 1527 libera
1528 1500 1684 1527 voluntate
1709 1500 1871 1528 vendimus
1894 1505 1919 1528 et
1944 1501 2182 1529 irrevocabiliter

1216 1552 1368 1580 tradimus
1394 1552 1447 1579 tibi
1474 1552 1622 1588 magistro
1651 1553 1748 1580 Boetio
1777 1553 1896 1580 domini
1923 1562 1999 1590 pape
2023 1554 2130 1581 clerico
2155 1558 2181 1581 et

1214 1605 1379 1639 familiari,
1398 1604 1611 1640 procuratorio
1629 1605 1750 1632 nomine
1764 1613 1819 1641 pro
1837 1605 1960 1633 domino
1973 1614 2053 1642 papa
2070 1610 2095 1633 et
2111 1614 2180 1633 suc-

1214 1657 1378 1686 cessoribus
1393 1658 1457 1684 suis
1476 1657 1650 1693 recipienti,
1668 1657 1707 1685 acl
1727 1666 1801 1694 opus
1822 1662 1848 1685 et
1864 1658 2029 1686 ‘utilitatem
2051 1659 2180 1687 Romane

1214 1710 1331 1738 ecclesie
1346 1710 1379 1737 in
1394 1714 1583 1746 perpetuum,
1599 1709 1736 1737 videlicet
1753 1714 1842 1738 totam
1859 1715 1884 1738 et
1899 1711 2049 1747 tnteyram
2059 1715 2178 1747 partem

1214 1768 1349 1792 nostram
1371 1768 1396 1791 et
1413 1772 1543 1791 urorum
1566 1767 1739 1791 nostrarum
1761 1772 1841 1792 rocce
1858 1768 1884 1792 et
1904 1764 1996 1792 castri
2013 1765 2138 1792 I'aliani
2154 1769 2180 1793 et

1213 1825 1295 1846 rocce
1320 1826 1354 1845 ac
1382 1817 1473 1845 castri
1498 1817 1649 1845 Seri-onis.
1676 1825 1742 1845 cum
1768 1818 1852 1845 omni
1868 1819 1941 1854 J'urc
1959 1818 2178 1854 jurisdictione

1213 1870 1350 1898 dominio
1375 1870 1486 1897 honore
1505 1873 1530 1897 et
1551 1869 1668 1897 actione
1688 1874 1713 1897 et
1737 1874 1796 1897 tam
1823 1870 1853 1897 in
1876 1870 2014 1897 vassallis
2035 1879 2125 1906 quam
2147 1871 2179 1898 in

1213 1923 1314 1956 terris,
1328 1922 1435 1956 cineis,
1451 1923 1559 1958 pratis,
1579 1922 1741 1955 montibus,
1754 1922 1887 1956 collibus,
1904 1923 2060 1958 planiciis.
2078 1923 2176 1956 silvis,

1209 1975 1343 2012 pascuis,
1362 1975 1451 2011 aquis
1466 1979 1491 2002 et
1509 1974 1747 2002 comunitatibus
1767 1975 1934 2008 universis,
1954 1976 2033 2002 sicut
2056 1975 2138 2002 nobis
2153 1979 2179 2003 et

1212 2028 1359 2056 acoribus
1381 2036 1415 2056 ac
1435 2027 1592 2055 heredibus
1614 2027 1724 2054 nostris
1747 2031 1917 2063 competunt
1938 2036 1993 2063 pro
2015 2027 2113 2055 diviso
2136 2028 2180 2055 vel

1212 2080 1347 2109 indiviso
1364 2081 1397 2108 'in
1415 2080 1560 2116 predictis
1577 2079 1685 2107 castris
1709 2080 1791 2107 intus
1812 2084 1837 2106 et
1861 2084 1944 2106 extra
1965 2084 1990 2106 et
2007 2088 2060 2116 per
2084 2084 2177 2107 totum

1212 2141 1315 2161 eorum
1330 2133 1522 2161 territorium
1540 2136 1564 2160 et
1578 2131 1766 2159 districtum.
1780 2132 1813 2159 Et
1827 2132 1974 2168 quicquid
1987 2140 2037 2159 nos
2057 2132 2099 2159 cel
2114 2132 2178 2160 alia

1210 2194 1337 2222 persona
1360 2194 1416 2222 pro
1443 2185 1526 2213 nobis
1554 2184 1589 2212 de
1615 2184 1759 2221 predictis
1785 2185 1924 2212 omnibus
1947 2185 2134 2221 possidemus
2160 2194 2178 2213 a

1210 2239 1343 2275 presenti
1368 2238 1584 2266 constituimus
1606 2245 1658 2265 nos
1679 2238 1801 2264 nomine
1823 2238 1952 2265 Romane
1975 2238 2090 2265 ecclesie
2110 2246 2178 2274 pos-

1211 2291 1318 2319 sidere.
1342 2291 1375 2319 Et
1394 2290 1503 2318 damus
1527 2294 1616 2326 atque
1637 2290 1829 2317 concedimus
1849 2290 1942 2317 cidem
1965 2290 2087 2317 domino
2103 2299 2178 2327 pape

1213 2344 1340 2372 liberam
1355 2347 1526 2380 potestatem
1553 2342 1694 2370 intrandi
1717 2347 1741 2370 ct
1763 2343 1935 2378 accipiendi
1951 2351 2048 2379 perse
2069 2344 2111 2371 cel
2125 2352 2179 2379 per

1210 2400 1437 2433 procuratorem
1451 2404 1541 2424 suum
1557 2396 1738 2424 auctoritate
1750 2396 1876 2432 propria
1891 2396 2099 2432 possessionem
2117 2404 2178 2424 om—

1213 2450 1301 2477 nium
1325 2449 1531 2486 predictorum
1556 2453 1582 2476 et
1606 2440 1735 2476 habendi
1761 2448 1880 2476 tenendi
1902 2453 1927 2476 ct
1944 2448 2118 2485 possidendi
2139 2449 2178 2477 ad

1211 2511 1284 2539 opus
1306 2506 1332 2530 et
1354 2502 1516 2530 utilitatem
1542 2501 1672 2529 Romane
1689 2501 1806 2529 ecclesie
1829 2502 1859 2529 in
1877 2506 2055 2538 perpetuum
2074 2502 2179 2530 omnia

1210 2555 1406 2592 supradicta,
1427 2555 1510 2583 salvo
1529 2563 1582 2590 per
1604 2555 1707 2582 omnia
1731 2554 1812 2582 nobis
1830 2558 1854 2583 et
1874 2554 2020 2582 uxoribus
2040 2564 2073 2583 ac
2091 2555 2177 2582 here-

1211 2608 1297 2636 dibus
1312 2607 1423 2635 nostris
1431 2611 1573 2644 perpetuo
1587 2606 1665 2642 quod
1681 2607 1840 2634 universas
1851 2608 2046 2643 possessiones
2061 2612 2087 2635 et
2102 2608 2177 2636 bona

1210 2660 1383 2688 immobilia
1402 2664 1486 2688 extra
1504 2659 1692 2687 munitiones
1710 2658 1916 2695 predictorum
1935 2664 2103 2688 castrorum
2122 2669 2177 2697 po-

1208 2812 1232 2837 1.
1249 2811 1283 2837 22
1300 2819 1376 2836 mars
1400 2810 1474 2836 1233.
1492 2825 1526 2829 —
1546 2809 1677 2835 Oderisio
1696 2809 1795 2835 Pincto
1812 2814 1840 2835 et
1857 2818 1904 2835 ses
1925 2810 1969 2836 fils
1988 2809 2175 2838 Bonushomo

1172 2863 1199 2885 et
1216 2859 1341 2884 Thomas
1357 2858 1459 2884 cedent
1478 2866 1513 2883 au
1537 2866 1607 2891 pape
1629 2856 1768 2890 Gregoire
1792 2856 1849 2887 IX,
1874 2860 2039 2891 rom-escum
2056 2868 2105 2892 par
2123 2867 2174 2885 sou

1171 2907 1247 2933 clerc
1264 2906 1367 2937 Bo'ece,
1384 2910 1450 2932 tous
1473 2906 1549 2931 leurs
1570 2906 1660 2932 droits
1684 2910 1710 2931 et
1734 2914 1806 2931 ceux
1829 2905 1863 2931 de
1884 2906 1960 2931 leurs
1981 2906 2100 2933 sommus
2125 2917 2176 2934 sur

1172 2955 1288 2982 paliano
1311 2959 1338 2981 et
1359 2954 1497 2986 Sem-one,
1516 2958 1689 2988 moyonnant
1707 2963 1760 2979 ιιιιυ
1778 2962 1887 2979 somme
1911 2955 1945 2980 de
1970 2954 2017 2981 444
2044 2956 2175 2986 lix-1·0s,i1

1172 3012 1227 3030 eux
1244 3005 1345 3029 νει-ςέο
1364 3012 1413 3037 par
1429 3003 1453 3028 le
1469 3003 1607 3028 camon-ier
1625 3001 1737 3028 Benoit.
