2392 3571
672 351 722 380 LE
746 350 891 380 LIBER
913 349 1146 380 CENSUUM
1170 350 1224 379 DE
1248 342 1434 379 L'EGLISE
1457 349 1666 379 ROMAINE.
2157 349 2211 379 507

164 419 279 456 cipavit
299 418 419 447 Petrum
441 417 540 454 filium
563 426 655 446 suum
681 426 782 445 coram
804 426 849 445 me
870 417 1006 445 Joluznne
1028 417 1132 444 Leonis

159 471 266 508 judice
286 471 427 504 Paliani,
446 478 573 506 eumque
589 479 605 497 a
621 470 724 506 patria
742 473 882 505 potestate
903 469 1058 502 liberarit,
1085 477 1130 496 re-

166 528 247 553 tenta
262 523 320 551 sibi
334 523 439 560 patria
456 523 625 551 reverentia.
643 526 774 555 tantum,
792 526 817 549 et
833 521 912 549 dedit
929 521 986 548 sibi
1003 524 1131 556 potesta-

167 581 222 605 tem
244 575 384 609 testandi,
405 574 615 608 contrahendi,
643 575 673 602 in
691 574 813 610 judicio
832 572 935 601 standi
955 577 980 600 et
998 572 1132 608 finiendi

165 629 270 657 omnia
292 626 371 665 [que]
385 627 614 665 paterfamilias
632 628 730 661 faeere
746 626 836 653 debet.
858 626 923 653 I’ost
942 626 1053 660 saetam
1074 633 1132 651 au-

167 686 225 710 tem
249 681 521 717 emancipationem
547 679 646 708 dictus
669 679 812 707 dominus
835 678 984 706 Girardus
1006 677 1132 705 donavit

167 734 256 762 titulo
276 733 451 761 donationis
475 733 555 760 inter
574 732 655 759 vivos
680 731 764 759 Petro
783 731 848 766 filio
866 739 919 758 suo
942 730 1133 766 emancipato

165 785 271 815 omnia
292 786 366 813 bona
385 793 441 812 sua
461 793 516 820 que
535 784 656 811 habebat
677 784 707 811 in
728 783 856 811 Paliano
872 787 897 810 et
913 783 1041 811 Serrone
1057 786 1083 809 et
1101 783 1130 810 in

166 846 269 866 eorum
288 837 454 865 territoriis
469 840 494 864 et
511 844 566 872 que
582 835 708 863 Domino
725 835 898 863 concedente
913 834 1077 862 habiturus
1093 838 1134 862 est

166 894 191 919 et
213 889 296 917 mille
319 889 413 917 libras
435 888 635 916 denariorum
656 891 789 920 senatus,
808 891 833 914 et
856 886 936 914 dedit
951 891 1041 923 atque
1063 895 1134 914 con,-

166 941 306 978 firmavit
330 941 356 969 ei
381 949 483 969 omnes
507 941 670 977 emptiones
691 944 717 967 et
738 939 954 975 acquisitiones
977 947 1052 975 (litas
1077 939 1135 975 ipse

167 994 274 1023 Petrus
292 994 362 1028 fecit
385 1002 438 1030 per
453 1002 481 1021 se
505 993 548 1021 vel
564 1001 618 1029 per
638 1001 726 1020 suum
747 996 990 1028 procuratorem.
1014 992 1052 1019 De
1075 1001 1134 1028 qua

166 1047 344 1084 supradicta
367 1047 528 1076 donatione
551 1046 680 1074 retinuit
702 1046 761 1073 sibi
784 1050 810 1073 et
832 1045 924 1074 uxori
943 1053 994 1073 sue
1015 1044 1136 1073 domine

168 1100 341 1129 Constantie
354 1100 553 1134 usufructum
566 1098 637 1126 dum
656 1098 802 1126 riserint.
816 1098 883 1126 Post
895 1102 1018 1126 mortem
1034 1102 1133 1125 autem

167 1153 305 1190 ipsorum.
335 1153 513 1187 usufructus
540 1151 579 1179 all
599 1151 813 1188 proprietatem
842 1155 1023 1179 revertatur.
1050 1150 1136 1179 Hanc

169 1210 271 1234 autem
298 1205 397 1233 dictus
423 1204 552 1232 donator
579 1204 772 1232 deviationem
799 1203 950 1240 jamdicto
977 1203 1041 1239 silio
1067 1203 1138 1238 feeit

170 1258 281 1286 talibus
297 1257 523 1285 conditionibus
540 1256 687 1284 adhibitis
702 1261 745 1291 ut,
765 1257 792 1284 si
807 1256 906 1284 dictus
920 1256 1025 1284 Petrus
1041 1256 1138 1284 deces-

168 1310 241 1339 serit
261 1310 327 1338 sine
345 1309 421 1346 filiis
445 1318 480 1337 ex
503 1309 638 1346 legitimo
663 1309 863 1337 matrimonio
888 1308 987 1342 editis,
1015 1308 1138 1337 donatio

168 1363 227 1391 ista
245 1367 418 1391 revertatur
433 1362 472 1391 ad
491 1362 606 1391 dictum
623 1363 796 1391 donatorem
814 1371 863 1390 seu
883 1362 922 1390 ad
938 1363 1138 1399 prenomina-

170 1420 231 1444 tam
253 1415 316 1452 ejus
332 1424 457 1444 umorem
479 1415 505 1443 si
525 1415 770 1452 supervixerint,
794 1415 821 1443 si
837 1419 936 1443 autem
956 1423 1016 1443 non
1032 1423 1138 1451 super-

169 1469 322 1503 vioeerint,
351 1468 434 1496 dicta
458 1468 581 1496 donatio
607 1467 745 1496 deveniat
768 1467 807 1495 ad
834 1467 1012 1504 Philippum
1036 1467 1135 1503 filium

170 1521 246 1550 dicti
261 1520 418 1549 donatoris
433 1529 484 1549 seu
500 1520 539 1548 ad
553 1520 634 1556 filios
649 1529 717 1548 suos
733 1528 805 1556 quos
820 1528 855 1548 ea·
872 1520 1007 1556 lngitimo
1027 1521 1138 1548 matri-

171 1574 273 1602 monio
290 1581 414 1610 procrea
422 1573 515 1608 verit,·
530 1577 555 1601 et
569 1573 595 1600 si
610 1573 772 1610 Philippus
787 1577 841 1601 [tut
855 1572 916 1608 filii
932 1581 982 1600 seu
999 1572 1061 1609 filie
1080 1581 1137 1600 non

170 1631 356 1664 superessent
387 1634 422 1654 ea:
452 1634 492 1661 eo,
525 1625 606 1654 dieta
631 1625 754 1654 donatio
779 1625 918 1654 deveniat
943 1625 982 1653 ad
1007 1626 1139 1662 Dianam

170 1679 271 1716 filiam
288 1678 362 1707 dicti
379 1678 499 1707 domini
519 1678 644 1707 Girardi
660 1679 703 1707 vel
718 1678 757 1706 ad
769 1677 850 1714 filios
865 1678 972 1714 ipsius.
989 1677 1023 1706 Si
1038 1682 1136 1706 autem

171 1732 253 1761 dicta
266 1732 364 1768 Diana
377 1739 435 1760 non
451 1735 614 1768 superesset
624 1739 673 1759 seu
686 1730 748 1767 filii
758 1739 794 1759 ece
803 1739 848 1764 ea,
861 1731 935 1759 bona
949 1739 1004 1768 que
1014 1730 1139 1759 devene-

171 1785 238 1814 rint
249 1784 288 1812 ad
299 1784 460 1812 dominum
474 1783 639 1813 Girardum
653 1792 688 1812 ex
698 1784 881 1812 successione
892 1784 992 1820 patris
1005 1788 1058 1812 aut
1073 1792 1140 1811 ma-

174 1838 230 1866 tris
246 1837 409 1866 deveniant
423 1836 462 1865 ad
474 1837 664 1865 consobrinos
679 1845 730 1865 seu
747 1837 940 1865 consobrinas
955 1836 1029 1865 dicti
1042 1836 1140 1871 Petri,-

172 1890 278 1919 omnia
293 1890 357 1918 alia
374 1889 450 1918 bona
466 1890 622 1926 relinquat
640 1889 740 1918 dictus
760 1889 866 1917 Petrus
883 1897 940 1926 pro
959 1890 1066 1917 anima
1086 1897 1141 1917 sua

173 1947 200 1971 et
212 1942 313 1979 patris
328 1942 378 1970 sui
394 1946 420 1970 et
436 1943 548 1970 matris
563 1950 625 1976 sue⁷
643 1942 770 1978 eaecepn's
786 1950 822 1970 cc
839 1941 926 1970 libris
941 1941 1140 1970 denariorum

173 2003 250 2032 quas
264 1995 362 2023 dictus
378 1995 484 2023 Petrus
495 1995 653 2031 relinquat
666 2003 722 2032 pro
739 1995 846 2022 anima
864 2003 919 2022 sua
934 1995 983 2022 eui
999 1994 1141 2023 voluerit.

172 2048 249 2077 Item
269 2047 368 2076 dictus
390 2047 519 2076 donator
538 2047 680 2076 adhibuit
702 2048 789 2075 talem
815 2047 1016 2075 conditionem
1038 2047 1069 2075 in
1090 2055 1142 2075 su-

171 2100 313 2139 pradicta
330 2100 494 2129 donatione
508 2104 542 2128 ut
558 2100 658 2128 dictus
671 2100 777 2128 Petrus
790 2108 847 2127 non
862 2101 955 2136 possit
966 2100 1143 2128 contrahere

175 2153 413 2182 matrimonium
425 2161 493 2181 cum
511 2153 617 2189 aliqua
637 2153 681 2181 vel
694 2157 881 2181 contractum
899 2153 1032 2189 aliquem
1047 2153 1144 2187 faeere

173 2207 240 2235 sine
255 2206 411 2234 voluntate
428 2210 453 2234 et
469 2214 614 2234 consensu
629 2205 704 2233 dieti
716 2205 886 2242 patrissui.
905 2205 987 2238 Quod
1000 2206 1027 2233 si
1038 2210 1144 2233 eontra

173 2259 272 2295 facere
296 2258 488 2295 temptaverit
511 2257 591 2286 dieta
614 2257 737 2285 donatio
759 2257 877 2285 nullius
897 2258 936 2285 sit
959 2258 1102 2286 momenti
1118 2262 1143 2286 et

176 2311 267 2339 libere
282 2310 322 2339 ad
334 2310 494 2339 dominum
512 2309 677 2338 Gir-ardum
696 2314 878 2338 revertatur.
896 2310 1032 2338 Preterea
1046 2309 1145 2338 dictus

175 2364 320 2392 dominus
335 2363 485 2391 Girardus
499 2363 664 2391 reservavit
680 2363 737 2390 sibi
753 2367 787 2390 ut
803 2363 829 2390 si
845 2363 906 2399 ipse
919 2367 973 2391 aut
989 2363 1053 2400 ejus
1066 2371 1145 2392 uxor

169 2416 323 2455 jamdicta
339 2420 434 2444 essent
451 2416 483 2443 in
501 2415 671 2444 necessitate
689 2415 768 2451 quod
785 2415 819 2443 de
835 2415 986 2450 fructibus
1000 2420 1026 2444 et
1042 2416 1145 2444 reddi-

178 2469 256 2498 tibus
283 2477 386 2497 rerum
415 2476 544 2496 suarum
573 2461 640 2496 non'
660 2472 778 2504 possent
805 2469 988 2502 sustentari,
1018 2469 1143 2497 liberam

178 2521 306 2549 habeant
318 2525 490 2557 potestatem
509 2519 665 2556 obligandi
681 2519 829 2548 vendendi
843 2520 876 2547 a'e
890 2519 970 2548 dicta
984 2520 1146 2549 donatione

179 2577 301 2602 tantum
326 2572 404 2609 quod
426 2573 495 2601 bene
513 2573 630 2609 possint
653 2572 830 2600 sustentari.
857 2571 966 2600 Omnia
987 2572 1143 2609 predicta,

177 2625 315 2654 videlicet
328 2625 452 2653 donatio
468 2629 494 2653 et
509 2624 703 2659 conditiones,
718 2625 799 2659 sacta
815 2629 886 2653 sunt
901 2625 985 2653 salvo
1001 2625 1147 2654 mandato

178 2677 361 2706 venerabilis
371 2677 471 2714 patris
483 2677 602 2705 domini
612 2676 760 2714 Stephani
769 2677 870 2705 sancti
879 2677 1012 2705 Adriani
1026 2677 1148 2706 diaconi

178 2729 362 2764 cardin-alis,
375 2733 410 2758 ut
421 2729 483 2766 ipse
495 2729 620 2757 liberam
637 2729 741 2758 habeat
754 2734 926 2766 potestatem
941 2729 1073 2758 addendi
1089 2730 1148 2758 mi-

179 2782 296 2811 nuendi
311 2781 478 2810 secundum
490 2790 580 2810 suum
598 2781 778 2810 arbitrium.

221 2835 316 2868 Quam
334 2834 529 2863 donationem
543 2834 640 2863 dietus
657 2834 785 2863 donator
800 2835 885 2863 omni
902 2839 1031 2872 tempore
1046 2840 1147 2864 ratam

180 2893 206 2917 et
221 2887 347 2925 firmam
363 2887 468 2916 habere
481 2887 634 2925 promisit,
655 2892 681 2916 et
694 2888 839 2924 obliqavit
855 2896 884 2916 se
896 2896 1022 2925 suosque
1034 2897 1149 2918 sucees-

181 2949 261 2969 sores
285 2939 462 2977 supradieto
487 2939 649 2968 donatario
677 2940 809 2976 leyitime
833 2941 999 2977 stipulanti
1026 2941 1149 2978 suisque

181 2993 401 3022 suecessoribus
425 2993 455 3021 in
476 3001 554 3030 pena
577 2992 666 3030 duple
690 2993 766 3022 dicte
788 2994 974 3030 quantitatis
996 2994 1023 3021 si
1046 2993 1150 3030 aliquo

1254 415 1338 444 modo
1363 416 1622 450 contravenirent,
1653 417 1696 444 vel
1718 425 1786 444 cum
1812 424 1886 453 opus
1907 421 1976 444 esset
2000 417 2132 453 leqitime
2155 425 2212 445 non

1252 467 1454 502 defenderent.
1473 472 1497 495 (t
1512 476 1588 504 pena
1607 468 1704 495 solnta
1722 468 1771 495 hec
1789 468 1911 496 donatio
1927 477 2041 505 semper
2056 469 2094 496 sit
2109 468 2212 504 firma.

1292 520 1335 547 Ad
1360 520 1462 547 omnia
1489 520 1663 556 supradicta
1690 520 1909 556 romprolntnda
1934 521 1981 548 hii
2009 525 2090 548 testes
2117 522 2215 557 renati
2245 532 2249 534 ·

1252 573 1379 607 suerunt
1398 583 1405 599 ;
1427 572 1570 599 dontinus
1586 572 1760 600 Frasnellus
1776 573 1894 600 (lamini
1915 573 2028 607 Tincti,
2054 573 2111 601 [tuo
2131 573 2215 609 filius

1253 625 1331 661 ejus,
1354 625 1480 652 Thomas
1498 624 1616 652 domini
1636 625 1746 652 tutonis
1767 625 1933 659 (tbirionis,
1960 625 2082 653 obertus
2097 625 2215 653 domiui

1255 676 1385 710 Remuli,
1403 677 1554 705 Johannes
1572 677 1696 711 t'ardns„
1713 677 2014 712 ltuynaldusdomini
2029 677 2119 705 Petri.

1294 729 1328 756 Et
1345 737 1394 765 eqo
1409 728 1560 756 Johannes
1576 728 1679 756 Leonis
1695 734 1795 756 sancte
1812 729 1939 757 Itmnane
1954 730 2175 765 ecclesieijelr
2191 734 2214 757 et

1254 781 1441 808 scriniarius
1463 790 1479 807 a
1500 781 1639 816 partibus
1661 786 1685 808 et
1708 781 1829 808 testibus
1851 787 1972 817 royatus
1988 782 2097 818 scripsi
2112 787 2137 809 et
2154 783 2215 817 siq-

1254 842 1328 861 num
1348 833 1415 868 feei.

1218 1003 1324 1033 CCLI.
1339 1020 1378 1026 —
1391 1003 1540 1033 (ΞΛΜ-οιΑ
1555 1011 1743 1032 υοΝΑΤιοΝιε
1759 1011 1863 1032 noum
1878 1002 2012 1032 thsnnt
2027 1012 2065 1032 nt:
2080 1003 2218 1032 PAmAxo

1258 1065 1357 1085 FACTB
1374 1065 1411 1085 DE
1427 1064 1518 1086 BONlS
1535 1064 1603 1084 SUlS
1621 1055 1729 1085 PETno
1746 1063 1827 1084 FILIO
1844 1063 1901 1085 SUO
1914 1056 1935 1083 ¹.

1296 1162 1330 1190 In
1351 1162 1473 1190 nomine
1488 1161 1607 1189 domini
1629 1161 1725 1188 nostri
1740 1160 1804 1187 lesu
1823 1160 1952 1193 Christi,
1975 1168 2056 1188 anno
2075 1160 2220 1187 incarna-

1259 1215 1351 1242 tionis
1366 1214 1495 1251 ejusdem
1516 1213 1676 1241 millesimo
1697 1212 1873 1245 CtJ'XXXlII,
1891 1212 2085 1248 pontificatus
2103 1212 2220 1240 domini

1259 1267 1395 1303 Gregorii
1409 1275 1483 1303 pape
1497 1265 1569 1294 noni
1585 1274 1666 1293 anno
1681 1265 1816 1301 septimo,
1832 1264 1996 1292 indictione
2011 1269 2102 1298 serta,
2126 1273 2222 1292 mense

1258 1320 1358 1348 madii
1380 1320 1428 1347 die
1453 1319 1566 1348 n't'tt.
1586 1318 1733 1346 Dominus
1757 1317 1907 1345 Girardus
1929 1317 1963 1344 de
1982 1317 2110 1344 Paliano
2134 1317 2223 1344 libero

1257 1373 1388 1401 arbitrio
1407 1377 1433 1400 et
1455 1372 1530 1400 bona
1555 1371 1708 1399 voluntate
1731 1369 1971 1398 irrevocabiliter
1991 1369 2114 1397 donauit
2139 1369 2223 1396 Petro

1257 1426 1321 1463 filio
1339 1434 1392 1454 suo
1415 1425 1606 1461 emancipato
1627 1431 1728 1451 omnes
1747 1423 1867 1458 fructus
1883 1430 1955 1458 quos
1971 1421 2026 1450 sibi
2042 1422 2171 1449 retinuit
2189 1421 2222 1449 (Ie

1258 1479 1342 1507 bonis
1362 1486 1417 1514 que
1437 1478 1513 1505 idem
1531 1477 1675 1504 dominus
1695 1476 1724 1503 G.
1749 1474 1841 1503 eidem
1867 1475 1951 1502 Petro
1974 1479 2101 1510 tempore
2119 1482 2224 1501 eman-

1258 1531 1421 1568 cipationis
1446 1530 1630 1564 donaverat,
1658 1537 1713 1565 que
1740 1529 1814 1556 bona
1839 1528 1935 1564 posita
1961 1532 2033 1555 sunt
2065 1527 2096 1554 in
2127 1531 2224 1555 castro

1259 1585 1386 1613 Paliani
1400 1588 1425 1612 et
1439 1584 1471 1611 in
1484 1587 1581 1611 castro
1595 1582 1735 1610 Serronis
1747 1586 1773 1609 et
1789 1581 1818 1609 in
1833 1589 1936 1609 eorum
1956 1580 2132 1615 territoriis,
2147 1580 2224 1607 sieut

1253 1642 1384 1676 ¹apparet
1403 1645 1456 1673 per
1475 1636 1632 1672 publicumv
1657 1635 1896 1662 instrumentum
1918 1633 2083 1667 consectum
2104 1641 2157 1669 per
2182 1641 2225 1659 me

1260 1690 1385 1719 eundem
1398 1688 1533 1725 judicem
1551 1692 1577 1716 et
1593 1687 1810 1715 scriniarium.
1830 1684 2225 1721 Quijamdictus{lominus

1262 1742 1412 1772 Girardus
1429 1750 1447 1769 a
1462 1741 1593 1777 presenti
1608 1739 1688 1767 dedit
1707 1743 1881 1776 potestatem
1898 1738 1975 1765 dieto
1992 1737 2077 1765 Petro
2094 1737 2158 1772 lilio
2172 1745 2226 1764 suo

1258 1794 1552 1833 percipiendidictos
1562 1793 1692 1828 fructus,
1710 1790 1869 1823 vendendi,
1885 1789 2029 1823 donandi,
2045 1788 2178 1824 faciendi
2192 1797 2227 1816 es

1260 1849 1302 1877 eis
1331 1846 1477 1884 quiequid
1506 1846 1564 1873 sibi
1592 1845 1714 1881 suisque
1742 1843 1956 1872 suceessorilnts
1988 1842 2017 1869 in
2045 1845 2224 1878 perpetuum

1260 1903 1358 1937 facere
1375 1899 1542 1937 placuerit,
1566 1898 1653 1926 nulla
1670 1897 1727 1924 sibi
1743 1897 1821 1931 faeta
1843 1895 2043 1923 reservatione
2061 1894 2090 1921 in
2109 1894 2222 1929 aliquo.

1263 1954 1320 1987 Qui
1337 1953 1437 1981 dictus
1457 1951 1586 1979 donator
1603 1949 1749 1985 obliyavit
1769 1957 1797 1976 se
1812 1955 1938 1983 suosque
1953 1954 2131 1974 successores
2140 1946 2227 1981 jam-

1261 2007 1339 2035 dicto
1362 2005 1525 2034 donatario
1547 2003 1680 2040 legitime
1695 2001 1860 2038 stipulanti
1885 2001 1917 2028 in
1936 2008 2015 2036 pena
2037 2008 2053 2028 L
2075 1999 2225 2027 librarum

1261 2059 1459 2087 denariorum
1481 2060 1621 2090 senatus,
1643 2055 1668 2082 si
1684 2054 1789 2090 aliquo
1810 2053 1894 2081 modo
1914 2057 2019 2080 eontra
2042 2052 2144 2080 venire
2157 2059 2229 2088 pre-

1261 2111 1435 2148 sumpserit,
1453 2114 1479 2137 et
1492 2117 1571 2146 pena
1583 2108 1681 2136 soluta
1696 2107 1789 2143 hujus
1801 2105 1975 2133 donationis
1988 2105 2225 2132 instrumentum

1262 2171 1377 2200 semper
1394 2163 1433 2190 sil
1448 2162 1586 2198 firmum.

1302 2216 1346 2244 Aa
1364 2214 1501 2253 predicta
1527 2211 1748 2249 comprobanda
1774 2211 1820 2238 hii
1843 2215 1925 2238 testes
1948 2210 2048 2246 royati
2070 2210 2198 2245 suerunt
2221 2219 2230 2235 :

1263 2268 1407 2297 daminus
1437 2267 1457 2295 A
1465 2271 1544 2294 mato
1573 2264 1814 2301 archipresbyter
1838 2263 1872 2291 de
1902 2263 2047 2295 Zancato,
2079 2261 2232 2298 presbyter

1262 2323 1414 2352 Johannes
1439 2320 1472 2348 de
1493 2319 1615 2356 Magno,
1643 2317 1830 2347 Crescentius
1853 2316 1995 2349 clericus,
2019 2314 2126 2343 Greeus
2145 2321 2231 2350 pres-

1263 2376 1345 2412 byter
1360 2373 1475 2403 ecclesie
1490 2372 1588 2401 saneti
1604 2370 1719 2399 Andree
1735 2370 1769 2398 de
1784 2369 1925 2401 Paliano.
1943 2367 2086 2395 dominus
2102 2365 2232 2395 Bartho-

1265 2428 1378 2456 lomeus
1394 2424 1597 2454 Bartholomei
1612 2422 1760 2451 Nocelerii
1775 2421 1809 2449 de
1827 2420 1966 2449 Paliano.

1305 2480 1338 2507 Et
1355 2487 1405 2515 eqo
1419 2477 1571 2506 Johannes
1589 2475 1692 2503 Leonis
1703 2478 1803 2501 sancte
1819 2473 1949 2501 Romane
1965 2470 2081 2500 ecclesie
2091 2469 2190 2507 judea·
2205 2474 2230 2497 et

1264 2532 1452 2561 scriniarius
1483 2529 1522 2557 ad
1547 2528 1682 2566 predicta
1709 2525 1885 2563 complenda
1912 2528 2036 2561 roqatus
2063 2523 2172 2560 scripsi
2205 2527 2230 2550 et

1266 2584 1421 2622 complevi.

1227 2754 1351 2786 CCLII.
1373 2769 1414 2775 —
1435 2753 1586 2783 Cium-um
1608 2756 1836 2780 navemn-:oms
1856 2755 2047 2781 QUARUNDAM
2068 2753 2232 2775 coxmmo-

1268 2947 1292 2972 1.
1308 2945 1341 2972 27
1358 2944 1414 2970 mai
1435 2943 1511 2970 1233.
1527 2955 1562 2962 —-
1584 2940 1691 2967 Geram
1709 2939 1743 2965 de
1767 2938 1883 2964 Paliauo
1903 2936 2072 2964 abandonne
2088 2937 2103 2962 ὁ
2119 2943 2170 2962 son
2189 2935 2235 2961 fils

1233 2993 1378 3021 l'usufruit
1394 2993 1508 3019 reservo}
1524 2990 1596 3016 dans
1611 2988 1692 3015 l'acte
1709 2987 1872 3022 precedent.
