2392 3571
155 330 211 359 502

195 400 257 422 tum
275 404 292 422 a
306 394 440 430 presenti
456 393 578 421 nomine
594 392 724 420 Romane
739 392 856 419 ecclesie
866 400 912 419 me
927 391 1077 419 constituo
1089 399 1159 429 pos-

193 447 299 482 sidere,
317 451 342 473 et
361 446 395 473 do
409 450 498 481 atque
515 445 639 473 concedo
659 444 717 481 ipsi
732 444 856 472 domino
868 452 945 481 pape
963 444 1087 472 liberam
1106 452 1160 481 po-

194 504 324 527 testatem
340 497 480 526 intrandi
491 502 516 525 et
528 496 696 533 aecipiendi
706 505 797 533 perse
811 497 856 525 vel
867 500 1157 533 perprocuratorem

192 560 286 584 suum
300 551 481 579 auctoritate
498 551 626 587 propria
647 550 859 587 possessionem
883 550 1021 578 omnium
1039 549 1160 586 predic-

195 609 292 633 torum
311 608 336 631 et
353 603 482 631 habendi
501 603 621 631 tenendi
637 607 661 630 et
679 602 854 639 possidendi
875 602 914 630 ad
935 611 1008 639 opus
1029 607 1053 630 et
1070 602 1160 630 utili-

195 662 282 686 tatem
302 657 430 685 Romane
453 657 568 684 ecclesie
593 656 624 684 in
644 660 822 692 perpetuum
847 656 951 684 omnia
970 655 1158 692 supradicta⁷

192 711 276 738 salco
293 718 348 746 per
369 709 471 737 ‹nnnia
496 709 574 736 mihi
600 713 624 736 et
648 708 805 736 heredibus
826 709 900 736 meis
919 712 1061 745 perpetuo
1081 707 1160 744 quod

192 763 353 791 universas
372 762 568 798 possessiones
583 766 608 790 ct
628 762 703 790 bona
718 761 889 790 immobilia
906 766 990 789 etctra
1010 761 1160 788 munitio-

193 824 242 843 nes
255 815 460 851 predictorum
475 819 644 843 castrorum
657 815 753 851 posita
768 819 793 842 et
806 814 944 842 redditus
958 814 1156 841 vassallorum

192 876 326 895 meorum
345 876 417 903 quos
435 871 461 895 et
483 875 539 903 quc
559 867 652 904 hujus
673 867 874 895 alienationis
898 871 1026 902 tempore
1046 866 1075 893 in
1094 873 1160 893 cas-

193 922 248 949 tris
272 921 476 948 habueramus
502 920 676 948 memoratis
700 919 735 947 ab
760 919 857 947 eodem
882 919 1004 947 domino
1028 927 1107 955 papa
1134 922 1160 946 et

191 973 407 1001 successoribus
433 973 498 1001 suis
529 973 558 1000 in
589 972 713 1008 seudum
746 972 779 1000 de
811 976 904 1000 cetero
935 976 1103 1006 teneamus,
1134 975 1160 999 et

192 1026 298 1054 eccinde
317 1026 412 1063 ipsius
428 1025 547 1054 domini
561 1034 636 1062 pape
654 1030 680 1053 et
695 1025 825 1053 Romane
842 1025 959 1052 ecclesie
977 1024 1101 1052 vassalli
1116 1024 1160 1051 si-

191 1088 259 1107 mus
268 1083 411 1116 perpetuo
427 1083 453 1106 et
465 1078 573 1115 fideles,
591 1083 616 1106 et
633 1078 675 1106 eis
687 1082 811 1115 propter
824 1078 877 1106 hoc
890 1077 1062 1114 spn‘cialitei·
1074 1085 1159 1113 pres-

193 1136 288 1160 temus
304 1131 480 1168 homayium
493 1131 661 1168 personale.
680 1131 737 1159 I'ro
754 1139 811 1167 qua
832 1129 1002 1158 venditione
1015 1134 1041 1157 et
1060 1128 1159 1157 tradi-

192 1185 272 1212 tione
298 1183 438 1220 confiteor
464 1193 510 1212 me
538 1184 678 1220 recepisse
709 1188 734 1211 et
763 1183 901 1211 habuisse
927 1190 944 1209 a
974 1186 998 1210 te
1024 1181 1159 1218 predicto

191 1237 314 1265 domino
328 1237 498 1266 camerario
510 1237 633 1265 nomine
646 1236 849 1273 dominipape
860 1240 885 1263 et
901 1235 1017 1263 ecclesie
1030 1235 1160 1262 Romane

191 1290 321 1318 solvente
342 1289 502 1327 setrayinta
525 1289 601 1317 duas
623 1289 716 1317 libras
738 1289 881 1316 bonorum
908 1287 1159 1324 proveniensium

191 1346 323 1375 senatus,
344 1341 377 1370 de
393 1341 503 1378 quibus
516 1342 585 1369 bene
603 1350 646 1369 mc
665 1350 731 1370 roeo
747 1342 896 1377 quietum,
910 1341 1078 1378 exceptioni
1097 1349 1159 1369 non

192 1399 350 1422 numerate
365 1395 493 1431 pecunie
510 1394 734 1428 renuntiando;
756 1399 781 1422 et
802 1395 827 1422 si
844 1394 980 1430 predicta
997 1394 1071 1422 bona
1087 1395 1160 1430 plus

194 1448 302 1482 valent,
325 1451 416 1475 totum
439 1456 456 1475 a
475 1447 608 1483 presenti
626 1447 719 1475 eidem
737 1447 860 1475 domino
878 1455 954 1483 pape
975 1447 1051 1475 dono
1071 1451 1160 1483 atque

191 1500 314 1528 concedo
330 1500 418 1527 libere
434 1499 473 1527 ad
488 1508 561 1536 opus
576 1500 706 1527 Romane
722 1500 839 1527 ecclesie
854 1500 883 1527 in
896 1504 1086 1536 perpetuum.
1102 1500 1159 1528 Pro

191 1552 300 1588 quibus
323 1553 462 1580 omnibus
490 1552 624 1588 firmiter
645 1552 838 1581 observandis
860 1553 964 1580 omnia
989 1561 1054 1580 *mea
1083 1552 1159 1580 bona

191 1605 317 1633 mobilia
333 1610 358 1633 et
377 1605 545 1633 immobilia
563 1605 656 1633 cidem
682 1605 804 1633 domino
823 1614 898 1642 pape
921 1610 945 1633 et
965 1606 1097 1634 Romane
1113 1614 1159 1634 ec-

191 1658 276 1685 clesie
291 1658 385 1694 obliyo
401 1662 427 1685 et
443 1657 542 1685 eadem
556 1662 679 1694 propter
695 1658 749 1686 hoc
763 1658 935 1694 specialiter
951 1659 1084 1695 ipsoran
1102 1666 1159 1687 no-

190 1711 273 1738 mine
289 1719 334 1738 me
350 1711 499 1739 constituo
514 1710 673 1747 possidere.
695 1710 911 1739 Renuntiatido
929 1711 958 1739 in
977 1712 1039 1739 hiis
1057 1712 1159 1740 omni·-

189 1764 241 1791 bus
259 1763 344 1791 omni
357 1764 444 1800 juris
459 1764 579 1791 auxilio
596 1763 740 1792 canonici
763 1768 788 1791 et
807 1764 924 1798 civilis,
944 1764 1160 1793 consuetudini

190 1821 215 1844 et
237 1820 349 1844 statuto
373 1821 398 1844 ct
421 1817 506 1845 omni
531 1817 645 1845 actioni
669 1817 838 1854 coeceptioni
857 1821 882 1845 et
902 1818 948 1845 rei
966 1826 1021 1854 que
1039 1822 1159 1854 possent

189 1870 266 1897 obici
284 1874 389 1897 contra
407 1870 646 1897 instrumentum
666 1870 712 1897 vel
723 1870 851 1904 factum.
866 1870 953 1898 Hanc
966 1875 1066 1898 autem
1087 1879 1158 1898 ven-

190 1922 333 1950 ditionem
353 1926 377 1950 et
397 1922 591 1950 traditionem
615 1927 640 1950 ct
658 1922 764 1951 omnia
786 1922 966 1959 supradicta
977 1923 1159 1959 juramento

190 1984 207 2003 a
240 1984 283 2002 me
311 1975 509 2011 corporaliter
531 1975 656 2011 prestito
682 1975 911 2012 inperpetuum
931 1976 1079 2012 promitto
1102 1976 1159 2012 fir-

188 2029 280 2056 miter
302 2033 327 2056 et
353 2028 576 2056 inviolabiliter
598 2029 754 2056 observare
777 2033 802 2057 et
826 2037 886 2057 non
912 2034 1017 2057 contra
1044 2030 1156 2064 venire,

188 2081 238 2109 sed
252 2081 279 2108 si
295 2089 368 2117 opus
391 2086 417 2109 et
439 2090 549 2109 neccsse
568 2082 663 2116 suerit
688 2081 821 2117 lepitime
842 2081 998 2117 defendere
1020 2082 1055 2110 ab
1073 2083 1159 2111 omni

185 2142 324 2171 persona.
346 2133 427 2168 Quod
445 2134 471 2162 si
489 2134 626 2170 predicta
643 2134 747 2162 omnia
764 2143 782 2162 a
798 2143 844 2163 me
861 2138 886 2162 et
906 2134 1064 2163 heredibus
1084 2136 1159 2164 meis

187 2194 249 2214 non
265 2186 382 2220 fuerint
398 2186 553 2215 observata
565 2187 611 2215 vel
624 2187 752 2223 quolibet
765 2187 851 2216 modo
864 2188 1037 2216 venerimus
1052 2193 1159 2217 contra

186 2239 348 2275 premissa,
368 2239 536 2275 predictam
559 2240 722 2277 pecuniam
740 2241 864 2268 nomine
879 2248 954 2277 pene
970 2240 1095 2278 duplam
1114 2242 1158 2270 ei-

188 2291 251 2319 dem
270 2291 393 2320 domino
405 2300 482 2328 pape
498 2297 523 2320 et
540 2292 671 2320 Romane
687 2293 805 2321 ecclesie
819 2294 964 2330 promitto
981 2303 1026 2322 ¹me
1044 2295 1158 2332 integre

187 2344 372 2379 soluturum,
391 2349 416 2372 et
429 2353 506 2382 pena
523 2345 621 2374 soluta
638 2350 811 2375 contractus
829 2346 1008 2383 hujusmodi
1024 2347 1158 2377 nichilo·-

189 2397 293 2425 minus
319 2398 350 2425 in
375 2406 429 2426 sua
452 2403 630 2435 permaneat
651 2397 810 2434 firmitate.
835 2400 943 2428 Actum
968 2401 1158 2437 presentibus

189 2450 310 2478 testibus
323 2450 362 2478 ad
377 2451 431 2479 hoc
446 2451 617 2487 specialiter
636 2452 758 2488 rogatis,
778 2452 892 2480 seilicet
910 2463 918 2480 :

226 2504 374 2540 mayistro
389 2503 518 2539 Roffrido
533 2503 668 2540 Huberti,
691 2509 778 2540 teste,-

227 2555 349 2584 domino
366 2556 516 2593 Stephano
534 2557 690 2594 capellano
707 2557 827 2586 domini
842 2567 924 2595 pape,
947 2562 1032 2594 teste‚·

225 2609 329 2638 Jacobo
345 2610 481 2645 ostiario,
506 2614 590 2645 teste,-

229 2662 391 2691 Theobaldo
407 2662 440 2690 de
460 2662 611 2699 Greqorio,
633 2667 716 2699 teste,-

227 2719 253 2742 et
270 2716 414 2751 mayistro
427 2715 534 2744 Amato
550 2715 584 2744 dc
601 2725 733 2751 camera,
755 2721 835 2745 teste.

226 2767 260 2795 Et
277 2775 326 2804 eqo
341 2768 504 2796 Riccardus
519 2769 693 2805 imperialis
705 2769 773 2798 aule
788 2769 977 2798 scriniarius
993 2770 1071 2799 hanc
1087 2779 1156 2798 ear-

190 2824 249 2847 tam
269 2820 430 2856 utriusque
443 2821 543 2857 partis
559 2829 704 2850 consensu
720 2822 866 2858 complevi
884 2827 1019 2857 royatus.

149 2975 304 3005 CCXLII.
323 2991 363 2998 —
381 2976 530 3006 CARTULA
555 2977 717 3007 mys-sim
742 2978 839 3007 Pss‘rm
866 2988 903 3008 DF.
926 2979 1098 3009 ClvtTRLLA
1118 2989 1156 3009 DE

697 325 746 354 LE
770 325 916 355 LIBER
939 324 1175 355 CENSUUM
1197 324 1252 354 DE
1274 314 1463 354 L’lfiGLISE
1486 323 1698 354 ROMAINE.

1283 398 1475 420 VENDITIONE
1496 398 1621 419 omsmzu
1642 397 1790 419 Boxomm
1810 396 1935 418 summm
1959 388 2090 417 PALlAM
2112 397 2149 417 m·
2169 387 2248 418 Snu-

1281 450 1374 472 Roms
1389 443 1410 470 ¹.

1321 548 1356 576 In
1375 548 1498 576 nomine
1514 547 1645 582 Domini,
1667 555 1767 575 amen.
1784 547 1872 575 Anno
1887 547 2120 575 incarnationis
2136 546 2251 576 Christi

1282 600 1446 629 millesimo
1463 599 1657 635 coutxistttff.
1674 599 1872 636 pontificatus
1888 599 2006 628 domini
2025 599 2162 636 Greyorii
2175 607 2251 637 pape

1283 653 1357 681 noni
1386 661 1468 680 anno
1499 653 1640 689 septimo,
1668 660 1767 680 mense
1796 652 1893 689 aprili
1919 652 1967 680 die
1994 652 2056 686 VII,
2082 651 2251 681 indictione

1281 709 1375 733 serta.
1395 705 1455 741 Eyo
1476 704 1654 741 Raynaldus
1677 705 1758 733 Petri
1782 704 1814 733 de
1838 704 1978 733 Cicitella
1996 705 2208 741 emancipatus
2224 709 2251 733 et

1281 758 1436 786 absolutus
1451 766 1469 786 a
1479 758 1555 794 jvyo
1568 762 1697 795 paterno
1707 758 1763 786 hac
1779 758 1826 786 die
1839 758 1974 794 presenti
1986 758 2115 794 propria
2128 762 2154 786 et
2164 765 2250 794 spon-

1283 815 1370 839 tanea
1382 811 1538 839 voluntate
1554 810 1648 838 vendo
1663 815 1688 839 et
1700 810 1943 839 irrevocabiliter
1959 810 2045 838 trado
2059 810 2113 838 tibi
2129 810 2251 839 domino

1280 863 1437 892 Benedicto
1462 863 1583 891 domini
1603 872 1678 901 pape
1701 864 1871 892 camerario
1891 864 2106 900 procuratorio
2128 864 2251 892 nomine

1280 924 1335 952 pro
1353 916 1415 953 ipso
1431 915 1555 944 domino
1567 925 1648 953 papa
1665 921 1691 944 et
1712 915 1930 944 successoribus
1948 916 2013 944 suis
2033 916 2193 954 recipienti
2211 915 2251 944 ad

1281 977 1355 1005 opus
1371 973 1396 996 et
1411 969 1576 997 utilitatem
1594 969 1725 997 Roma-ne
1736 968 1852 997 ecclesie
1868 968 2100 1005 inperpetuum,
2113 968 2252 997 videlicet

1282 1026 1373 1050 totam
1393 1026 1417 1050 et
1439 1023 1587 1058 integram
1608 1026 1728 1058 partem
1745 1030 1841 1049 meam
1861 1030 1942 1050 roccc
1963 1026 1988 1050 et
2010 1022 2104 1050 castri
2126 1022 2252 1050 Paliani

1281 1079 1307 1103 et
1323 1083 1402 1103 rocce
1413 1083 1448 1103 ac
1462 1075 1556 1103 castri
1570 1074 1722 1109 Serronis,
1736 1083 1804 1102 cum
1819 1074 1956 1102 domibus
1969 1078 1994 1102 et
2006 1074 2153 1103 casalinis
2167 1075 2253 1110 infra

1281 1127 1398 1156 easdem
1419 1136 1519 1156 roccas
1539 1128 1617 1156 mihi
1640 1127 1875 1164 competentibus
1895 1132 1920 1155 et
1941 1135 2010 1155 cuni
2031 1127 2115 1155 omni
2129 1127 2203 1164 jure
2226 1132 2252 1156 et

1274 1181 1495 1217 J'urisdictione
1508 1181 1645 1209 dominio
1656 1181 1773 1209 actione
1786 1185 1811 1209 et
1825 1181 1937 1209 honore
1948 1185 1973 1209 et
1986 1181 2094 1209 tamin
2110 1181 2253 1209 vassallis

1282 1243 1372 1270 quam
1391 1235 1423 1263 in
1442 1235 1548 1268 terris,
1570 1234 1684 1269 vineis,
1703 1234 1817 1270 pratis,
1836 1234 2001 1269 montibus,
2023 1233 2160 1269 collibus,
2179 1234 2252 1270 pla-

1281 1287 1382 1321 nitiis,
1404 1287 1503 1321 silvis,r
1518 1287 1652 1324 pascuis,
1673 1287 1763 1323 aquis
1778 1291 1803 1315 et
1820 1286 2062 1315 comunitatibus
2082 1286 2248 1322 universis,

1280 1341 1360 1368 sicut
1385 1340 1469 1368 nobis
1495 1344 1520 1368 et
1549 1340 1707 1368 heredibus
1733 1340 1848 1368 ⁴nostris
1872 1340 2027 1376 pertinent
2056 1340 2087 1368 in
2107 1339 2253 1376 predictis

1281 1393 1390 1421 castris
1406 1393 1491 1421 intus
1507 1398 1533 1421 et
1549 1397 1635 1421 σφω-α
1648 1401 1704 1429 pro
1720 1393 1818 1421 diviso
1834 1392 1880 1420 vel
1900 1392 2034 1420 indiviso
2047 1396 2072 1420 et
2086 1400 2140 1429 per
2156 1396 2252 1420 totum

1282 1445 1453 1474 eorumdem
1473 1450 1643 1474 castrorum
1662 1446 1856 1473 territorium
1873 1449 1898 1473 et
1915 1445 2104 1479 districtum,
2123 1450 2149 1473 et
2164 1445 2252 1482 quic-

1282 1499 1357 1536 quid
1375 1507 1426 1536 eqo
1444 1499 1490 1527 vel
1512 1499 1577 1527 alia
1594 1507 1725 1535 persona
1745 1506 1802 1535 pro
1822 1507 1868 1526 me.
1889 1498 1923 1526 de
1942 1497 2090 1535 predictis
2111 1498 2253 1526 omnibus

1278 1552 1468 1589 possidemus
1487 1561 1505 1580 a
1525 1551 1657 1589 presenti
1678 1560 1724 1579 me
1744 1551 1893 1580 constituo
1915 1551 2041 1579 nomine
2059 1551 2190 1579 Romane
2206 1558 2252 1578 ec-

1281 1605 1367 1633 clesie
1380 1604 1541 1642 possidere,
1557 1609 1582 1632 et
1599 1604 1634 1632 do
1649 1609 1738 1641 atque
1753 1604 1877 1633 concedo
1888 1603 1985 1632 eidem
2001 1603 2124 1632 domino
2133 1611 2211 1641 pape
2226 1607 2253 1631 et

1281 1658 1498 1686 successoribus
1518 1657 1583 1685 suis
1606 1657 1729 1685 liberam
1755 1661 1931 1693 potestatem.
1953 1656 2098 1684 intrandi
2121 1660 2148 1684 et
2171 1656 2253 1684 acci-

1279 1711 1349 1748 pien
1356 1711 1448 1748 diper
1454 1720 1482 1739 se
1490 1711 1828 1747 velperprocaratorem
1839 1717 1927 1737 suam
1936 1708 2253 1746 auctoritatepropria

1278 1763 1492 1801 possessionem
1510 1763 1648 1791 omnium
1669 1762 1895 1799 predictorum,
1914 1766 1940 1790 et
1961 1761 2108 1797 habendi,
2134 1760 2255 1790 tenendi

1281 1821 1308 1845 et
1324 1816 1498 1854 possidendi
1518 1816 1557 1844 ad
1581 1824 1656 1852 opus
1682 1820 1708 1844 et
1732 1815 1899 1843 utilitatem
1924 1815 2056 1843 Romane
2077 1815 2195 1843 ecclesie
2219 1815 2254 1842 in

1278 1874 1458 1907 perpetuum
1483 1869 1589 1897 omnia
1609 1868 1787 1905 supradicta
1800 1890 1806 1902 ‚
1827 1868 1911 1896 salvo
1930 1876 1986 1904 per
2006 1868 2110 1896 omnia
2130 1867 2210 1895 mihi
2228 1871 2254 1895 et

1282 1922 1441 1951 heredibus
1463 1922 1536 1950 meis
1557 1926 1702 1958 perpetuo
1726 1920 1805 1958 quod
1827 1921 1990 1949 universas
2010 1920 2208 1957 possessiones
2227 1924 2254 1948 et

1281 1976 1357 2004 bona
1372 1975 1544 2003 immobilia
1557 1979 1644 2002 eoetra
1660 1974 1846 2002 munitiones
1858 1973 2067 2010 predictorum
2081 1977 2254 2002 castrorum

1276 2030 1378 2066 posita
1394 2033 1420 2057 et
1432 2028 1570 2056 redditus
1581 2028 1783 2056 vassallorum
1802 2035 1939 2055 meorum
1957 2034 2029 2063 quos
2041 2031 2065 2054 et
2077 2035 2133 2063 que
2144 2026 2178 2054 in
2189 2034 2255 2055 cas·

1282 2083 1339 2112 tris
1349 2082 1497 2120 predictis
1513 2082 1606 2118 hujus
1617 2081 1818 2110 alienationis
1831 2085 1961 2117 tempore
1968 2079 2157 2117 possidebam
2170 2088 2189 2108 a
2200 2079 2254 2108 do-

1285 2136 1372 2164 mino
1385 2144 1466 2173 papa
1481 2140 1507 2163 et
1522 2135 1658 2163 Romana
1671 2134 1794 2162 ecelesia
1806 2134 1839 2161 in
1850 2133 1976 2169 feudum
1994 2133 2028 2161 de
2044 2137 2137 2162 cetero
2156 2137 2253 2161 tenea-

1280 2197 1359 2223 mus,
1376 2193 1402 2216 et
1417 2187 1526 2216 eminde
1540 2188 1673 2224 ipsorum
1691 2187 1817 2215 vassalli
1835 2186 1934 2214 simus
1947 2190 2090 2223 perpetuo
2104 2189 2129 2214 et
2139 2185 2250 2222 fideles,

1281 2241 1330 2280 [et]
1345 2242 1387 2270 eis
1400 2245 1524 2278 propter
1546 2241 1598 2269 hoc
1614 2239 1786 2277 specialiter
1798 2243 1967 2276 pre-stemus
1988 2238 2169 2275 homayium
2182 2246 2254 2275 per-

1279 2295 1391 2324 sonale.
1414 2294 1472 2322 Pro
1488 2302 1549 2330 qua
1565 2293 1740 2321 'venditione
1757 2296 1783 2320 et
1801 2279 1966 2320 traditione
1981 2290 2122 2327 confiteor
2142 2299 2188 2319 me
2205 2299 2254 2319 re-

1280 2348 1388 2385 cepisse
1403 2351 1430 2376 et
1445 2347 1585 2375 habuisse
1596 2355 1613 2374 a
1630 2350 1654 2374 te
1662 2344 1796 2382 predicto
1809 2344 1933 2373 domino
1945 2343 2116 2372 camerario
2128 2343 2254 2372 nomine

1280 2401 1379 2438 ipsius
1395 2400 1515 2428 domini
1530 2407 1607 2436 pape
1622 2403 1648 2427 et
1662 2398 1780 2427 ecclesie
1795 2398 1926 2426 Romane
1943 2397 2074 2425 solvente
2091 2400 2213 2425 centum
2225 2400 2253 2424 et

1281 2453 1396 2490 viyinti
1417 2452 1552 2490 quinque
1573 2451 1668 2480 libras
1683 2451 1828 2479 bonorum
1846 2449 2100 2487 proveniensium
2115 2453 2248 2484 senatus,

1280 2507 1314 2535 de
1327 2506 1438 2543 quibus
1454 2506 1522 2534 bene
1536 2514 1582 2533 me
1593 2513 1662 2533 voco
1676 2504 1826 2541 quietum,
1842 2503 2009 2540 exceptioni
2021 2511 2079 2531 non
2092 2506 2254 2531 numerate

1276 2559 1406 2597 pecunie
1421 2557 1651 2593 renuntiando;
1665 2561 1691 2586 et
1706 2557 1732 2585 si
1745 2556 1884 2593 predicta
1900 2556 1976 2585 bona
1985 2556 2058 2592 plus
2075 2555 2188 2590 valent,
2207 2559 2253 2584 to-

1280 2617 1345 2641 tum
1366 2621 1384 2640 a
1406 2611 1540 2648 presenti
1563 2610 1659 2639 eidem
1686 2609 1809 2638 domino
1830 2617 1908 2646 pape
1932 2612 1959 2637 et
1984 2608 2115 2637 Romane
2135 2607 2252 2637 ecclesie

1279 2665 1355 2694 dono
1372 2669 1460 2702 atque
1475 2663 1601 2693 concedo
1620 2663 1708 2691 libere
1727 2663 1761 2691 in
1774 2666 1967 2699 perpetuum.
1986 2661 2046 2689 Pro
2061 2661 2171 2698 quibus
2186 2668 2255 2689 om-

1279 2718 1369 2747 nibus
1390 2717 1524 2754 firmiter
1545 2721 1571 2745 et
1591 2716 1723 2752 fideliter
1744 2714 1940 2743 observandis
1961 2714 2066 2742 omnia
2086 2721 2153 2742 mea
2175 2713 2253 2742 bona

1279 2771 1405 2800 mobilia
1422 2775 1448 2798 et
1472 2769 1643 2798 immobilia
1665 2775 1851 2805 quecumque
1869 2771 1896 2795 et
1915 2766 2099 2803 ubicumque
2117 2765 2209 2794 habeo
2226 2769 2253 2794 et

1275 2935 1300 2961 1.
1320 2936 1334 2961 7
1350 2935 1420 2961 avril
1438 2934 1516 2961 1233.
1536 2947 1573 2954 —
1593 2933 1685 2959 Meme
1707 2931 1839 2963 eession,
1857 2931 1892 2957 de
1915 2930 1940 2956 la
1963 2934 2024 2965 part
2045 2929 2080 2956 de
2101 2928 2255 2964 Raynzssd,

1238 2983 1283 3010 fils
1302 2983 1337 3010 de
1359 2983 1456 3010 Piecre
1473 2982 1508 3008 de
1523 2981 1662 3014 civitella,
1680 2981 1794 3007 minem·
1814 2979 1975 3013 emancipe,
1993 2986 2065 3013 pour
2087 2978 2136 3004 125
2152 2977 2255 3005 livces.
