2392 3571
147 336 202 365 596
690 332 738 361 LE
762 331 907 361 LIBER
929 328 1162 360 CENSUUM
1186 327 1239 357 DE
1262 322 1450 357 L'EGLISE
1471 326 1681 357 ROMAINE.

183 408 293 426 camere
309 400 414 425 domini
433 407 516 433 pape,
534 397 671 431 magistro
687 396 792 423 Mathia
812 397 950 423 canonico
964 394 1102 421 Theatino
1117 397 1144 420 et

184 450 318 483 magistro
335 447 466 474 Johanne
482 448 516 472 de
532 447 676 472 Guarcino
693 446 811 477 notario,
827 444 1002 471 Rambertus
1020 444 1143 470 Alexan-

183 499 223 524 dri
249 498 386 532 syndicus
414 500 442 522 et
467 501 632 531 procurator
662 494 857 521 universitatis
884 494 1032 521 hominum
1058 493 1144 520 castri

184 552 281 573 sancte
297 546 386 573 Mai-ie
399 547 425 572 in
438 545 575 571 Cassiano
589 545 751 571 Auximane
764 543 898 573 diocesis,
912 546 996 578 prout
1006 542 1041 568 de
1053 542 1145 576 ipsius

183 596 382 630 procuratione
405 599 516 620 constat
543 593 657 628 publico
684 594 875 618 instrumento
900 591 1032 618 confecto
1060 598 1144 617 manu

182 645 323 671 <Iohannis
340 644 373 669 de
389 643 548 669 Tollentino
573 642 682 672 notarii,
703 641 834 675 promisit
848 640 939 667 eidem
963 639 1077 665 domino
1097 647 1145 665 ca-

184 694 304 720 merario
325 692 482 719 secundum
505 691 619 717 modum
636 695 663 716 et
684 691 801 716 formam
824 689 1010 724 prescriptam
1031 688 1097 714 dare
1117 691 1146 713 et

182 744 292 769 solvere
314 741 384 767 infra
408 740 566 775 predictum
590 739 744 765 terminum
761 746 776 764 t.
792 738 879 764 libras
900 737 1143 763 Ravennatorum.

183 792 216 818 Et
229 800 282 825 ego
297 790 424 816 Jacobus
442 789 539 815 Pisani
555 789 589 814 de
606 787 735 814 viterbio
751 791 806 814 etc.

150 945 344 980 [CCCLXlill.
367 960 399 965 —
421 944 575 971 Onnomo
592 951 697 970 sxnnici
713 942 851 969 ClVITATIS
868 941 1047 968 Cas‘rstmxa
1062 948 1144 967 suri-:n

183 1003 297 1021 remum
313 1002 365 1020 Nox
381 1001 522 1020 τοιιεΝοο
539 1001 571 1019 ετ
587 1000 688 1019 erasm
704 999 888 1018 CUSTODOENDA
900 992 919 1016 ¹.

220 1096 250 1123 In
281 1097 395 1122 nomine
425 1095 556 1125 Domini¹
589 1102 681 1120 amen.
707 1093 792 1119 Anno
823 1092 977 1119 nativitatis
1005 1091 1146 1117 dominice

183 1144 421 1175 MCCLXXXX,
450 1144 588 1170 inditione
616 1142 672 1175 ΙΙΙ,
702 1150 800 1168 mense
831 1141 973 1167 februario
1000 1140 1045 1166 die
1070 1139 1145 1173 XV,

185 1194 368 1228 pontificatus
393 1192 501 1218 domini
528 1190 636 1217 Nicolai
660 1198 731 1225 pape
753 1189 828 1216 IIIIti
854 1197 927 1215 anno
950 1188 1088 1215 secundo.
1114 1187 1145 1214 In

185 1243 328 1275 presentia
353 1242 407 1267 mei
433 1240 531 1267 notarii
561 1244 589 1265 et
611 1239 728 1265 testium
752 1238 980 1272 subscriptorum
1011 1236 1146 1262 Bellucus

182 1291 283 1317 Jacobi
313 1289 458 1316 Laurentii
489 1292 657 1324 procurator
681 1292 709 1313 et
732 1286 871 1321 syndicus
899 1285 1095 1312 universitatis
1120 1288 1148 1310 et

184 1340 279 1374 populi
295 1339 424 1365 Civitatis
445 1337 614 1367 Castellane,
632 1336 741 1362 habens
758 1335 791 1361 ad
808 1335 987 1368 infrascripta
1003 1333 1147 1360 sufficiens

183 1394 210 1414 et
234 1389 348 1422 plenum
372 1387 553 1415 mandatum,
575 1390 658 1420 prout
680 1386 706 1410 in
730 1385 921 1410 instrumento
945 1383 1059 1417 publico
1082 1381 1147 1407 inde

183 1437 313 1463 confecto
335 1444 419 1462 manu
444 1435 517 1461 Petri
538 1434 639 1460 Jacobi
663 1432 781 1460 Gerardi
802 1432 836 1458 de
852 1432 966 1458 civitate
989 1429 1148 1456 Castellana

185 1486 286 1512 notarii
302 1494 317 1511 a
334 1493 378 1510 me
400 1483 580 1517 infrascripto
603 1482 710 1508 notario
727 1481 788 1507 viso
809 1485 837 1506 et
858 1481 930 1506 lecto
947 1479 1059 1514 plenius
1079 1486 1149 1504 con-

184 1536 308 1563 tinetur,
325 1542 359 1559 ex
377 1534 473 1567 vigore
489 1533 533 1558 sui
556 1531 715 1557 sindicatus
731 1530 907 1555 constitutus
922 1536 1016 1554 coram
1033 1527 1148 1552 domino

186 1584 303 1610 Nicolno
320 1582 426 1607 domini
450 1590 518 1615 pape
536 1580 692 1606 camerario
707 1587 757 1613 per
772 1578 984 1612 stipulationem
1001 1577 1149 1602 solennem

186 1633 300 1658 nomine
322 1631 414 1665 ipsius
439 1629 636 1656 universitatis
657 1632 684 1654 et
710 1628 806 1662 populi
830 1626 960 1661 promisit
985 1625 1076 1651 eidem
1099 1624 1150 1650 do-

185 1681 259 1705 mino
284 1678 439 1705 camerario
471 1677 620 1711 recipienti
645 1680 671 1701 et
700 1675 848 1709 stipulanti
880 1675 992 1700 nomine
1022 1681 1054 1699 ac
1088 1673 1150 1698 vice

183 1729 290 1754 domini
308 1736 377 1762 pape
390 1732 417 1752 et
429 1726 551 1752 ecclesie
566 1725 705 1756 Romane,
718 1725 792 1758 quod
805 1724 832 1749 in
844 1727 931 1749 strata
945 1731 994 1749 seu
1014 1724 1056 1748 via
1070 1730 1149 1748 com-

185 1778 263 1804 muni
283 1785 330 1810 per
343 1784 426 1809 quam
442 1776 565 1801 viatores
582 1775 621 1800 ire
634 1774 748 1803 debent.
761 1781 816 1807 que
832 1772 867 1798 de
884 1773 1074 1806 permissione
1090 1772 1150 1797 sive

185 1828 299 1852 licentia
322 1825 497 1851 sanctissimi
522 1824 610 1857 patris
634 1828 661 1849 et
684 1823 791 1848 domini
807 1822 913 1847 domini
929 1821 1039 1847 Nicolai
1056 1821 1150 1846 divina

187 1875 361 1910 providentia
374 1883 443 1908 pape
461 1872 533 1898 111111
547 1872 693 1898 transferri
711 1871 793 1897 debet
809 1880 824 1896 a
839 1871 909 1896 silva
925 1879 979 1904 que
996 1870 1151 1903 vulgariter

186 1926 289 1951 dicitur
305 1923 480 1949 Scardalolli.
498 1927 523 1947 et
540 1921 579 1946 ire
593 1922 676 1954 juxta
689 1919 793 1946 dictam
810 1920 953 1945 civitatem
970 1927 1020 1953 per
1036 1922 1150 1951 pontem

186 1982 272 2007 super
288 1981 359 2006 aqua
375 1979 431 2005 que
453 1970 556 1995 dicitur
572 1969 689 2002 Tregia,
712 1976 760 2002 per
781 1968 912 1994 homines
928 1967 1052 1993 civitatis
1074 1969 1152 2001 ejus—

187 2023 249 2047 dem
268 2026 316 2047 :tut
338 2021 458 2053 aliquem
485 2019 569 2044 :ilium
591 2025 773 2052 quocumque
789 2017 914 2047 nomine=
932 2017 1083 2042 occasione
1100 2024 1149 2042 seu

189 2080 274 2096 causa
292 2078 345 2095 non
363 2069 513 2102 recipietur
526 2067 637 2100 aliquod
656 2066 817 2100 pedagium.
830 2065 963 2099 quodque
978 2066 1076 2091 eadem
1093 2065 1153 2090 uni-

189 2120 309 2145 versitas
332 2120 391 2143 sive
415 2117 536 2151 populus
562 2120 678 2141 stratam
704 2116 794 2148 ipsam
820 2115 923 2140 facient
949 2114 1101 2147 diligenter
1125 2116 1152 2138 et

187 2169 306 2194 fideliter
321 2166 468 2195 custodiri,
489 2171 524 2191 itu
541 2168 614 2198 quod
635 2164 729 2189 nullus
743 2163 812 2189 inibi
829 2164 854 2188 in
874 2171 995 2196 persona
1009 2162 1051 2188 vel
1067 2162 1152 2188 rebus

189 2217 278 2251 possit
295 2216 448 2249 dampnum
463 2214 575 2247 aliquod
593 2213 771 2242 substinere;
789 2211 864 2246 quod
881 2212 905 2237 si
922 2212 1013 2245 aliqua
1032 2219 1153 2244 persona

191 2275 216 2292 in
240 2265 337 2291 eadem
363 2265 404 2289 riu
429 2264 470 2289 rel
492 2265 573 2296 Juxta
598 2263 687 2296 ipsam
712 2267 790 2286 esset
812 2261 931 2295 spoliata
958 2261 1000 2286 vel
1023 2260 1153 2294 perderet

190 2314 293 2348 aliquid
311 2315 337 2339 in
355 2313 462 2342 eadem,
482 2320 530 2345 per
547 2311 766 2336 universitatem
780 2315 807 2335 et
823 2309 957 2343 populum
973 2309 1065 2342 ipsius
1080 2309 1152 2334 ciri-

189 2364 254 2389 tatis
269 2366 359 2388 totum
377 2362 457 2395 plene
474 2368 506 2385 ac
523 2361 633 2393 integre
649 2358 848 2384 emendabitur
864 2363 891 2384 et
909 2359 1075 2384 restituetur
1089 2366 1153 2391 per-

189 2413 265 2438 denti
286 2416 334 2437 aut
355 2411 475 2445 spoliato
494 2409 569 2443 quod
593 2409 649 2434 sibi
672 2409 757 2434 suerit
778 2407 914 2434 ablatum.
934 2406 1005 2433 Item
1022 2407 1154 2441 promisit

189 2462 280 2487 eidem
298 2460 412 2486 domino
430 2459 585 2485 camerario
607 2457 737 2483 sindicus
753 2456 936 2491 supradictus
951 2456 1027 2490 quod
1048 2457 1074 2482 iu
1094 2459 1152 2482 toto

188 2510 330 2536 territorio
348 2508 474 2543 predicte
493 2506 624 2532 Civitatis
639 2505 800 2531 Castellane
816 2513 873 2531 non
889 2505 1023 2539 exigetur
1040 2509 1088 2530 aut
1107 2513 1152 2530 re-

190 2560 314 2593 cipietur
329 2556 442 2590 aliquod
460 2555 613 2590 pedagium
629 2555 663 2580 ab
679 2554 773 2588 aliquo
788 2557 965 2580 transeunte.

225 2608 286 2638 Que
308 2606 402 2631 omnia
427 2609 454 2630 et
477 2604 588 2636 singula
614 2602 745 2637 promisit
766 2602 842 2636 quod
867 2601 975 2628 dictum
1001 2609 1153 2628 commune

194 2789 216 2813 1.
237 2787 335 2818 Home,
354 2784 712 2818 Sainte-Marie-Majeure,
735 2784 762 2809 i'o
779 2783 881 2809 sevrier
900 2782 975 2808 1290.
989 2796 1024 2802 —
1036 2781 1073 2807 Le
1085 2790 1154 2816 syn-

157 2836 202 2862 dic
218 2837 251 2861 de
268 2836 291 2860 la
308 2842 460 2861 commune
480 2833 513 2859 de
535 2833 624 2858 Cirita
641 2831 799 2858 Castellana
816 2831 966 2864 s'engage‚
985 2839 1020 2856 au
1038 2839 1103 2856 nom
1120 2830 1154 2857 de

159 2894 205 2910 ses
229 2885 424 2917 concitoyeus.
448 2885 462 2907 a
487 2892 519 2908 ne
543 2891 592 2916 pas
615 2882 690 2907 lever
715 2881 748 2906 de
775 2883 879 2915 peages
903 2888 952 2906 sur
976 2880 1000 2905 la
1025 2880 1154 2906 nouvelle

160 2939 239 2959 route
261 2933 308 2966 qui
333 2940 415 2965 passe
436 2932 538 2956 devant
561 2931 620 2956 leur
637 2930 711 2960 ville,
729 2934 755 2955 et
771 2931 785 2954 a
802 2929 937 2962 pourvoir
953 2930 966 2953 ίι
986 2929 1010 2954 la
1030 2929 1154 2954 securite

159 2981 209 3006 des
225 2988 384 3014 voyageurs
400 2981 446 3013 qui
465 2983 613 3013 passerout
630 2987 680 3003 sur
697 2983 770 3003 cette
787 2981 878 3003 route.

1261 393 1384 426 populus
1399 397 1426 419 et
1444 392 1616 419 universitas
1632 391 1714 427 plene
1729 400 1762 418 ac
1778 392 1890 426 integre
1905 391 2070 418 observabit
2089 395 2117 418 et
2131 392 2224 419 adim-

1262 442 1359 475 plebit,
1381 441 1434 468 sub
1452 450 1523 475 pena
1539 441 1637 468 decem
1659 441 1769 467 milium
1790 440 1964 467 florenorum
1981 441 2042 467 auri
2060 449 2145 475 quam
2162 441 2224 476 ipso

1260 491 1335 517 facto
1355 491 1429 517 dicta
1447 491 1630 522 universitas,
1648 490 1772 525 populus
1787 493 1815 516 et
1829 497 1992 522 commune,
2010 490 2137 516 incurrat
2151 498 2224 524 quo-

1261 539 1462 573 tienscumque
1479 539 1606 573 predicta
1618 539 1663 564 vel
1674 538 1786 573 aliquod
1806 538 1997 573 predictorum
2018 538 2102 564 fuerit
2118 538 2224 564 sactum

1261 588 1394 621 colnltra.
1411 589 1467 614 Pro
1482 588 1588 622 quibus
1604 587 1723 614 firmiter
1738 587 1926 614 observandis
1947 591 1974 613 et
1994 586 2118 621 plenarie
2134 586 2225 613 adim-

1262 636 1375 671 plendis
1391 636 1518 670 prefatus
1533 636 1662 663 sindicus
1678 636 1816 671 obligavit
1830 635 1921 662 eidem
1937 636 2054 662 domino
2069 635 2226 662 camerario

1262 686 1411 720 recipienti
1428 686 1542 712 nomine
1558 694 1614 720 quo
1629 694 1718 720 supra
1727 685 1823 711 omnia
1833 690 1861 712 et
1871 685 1985 720 singula
1996 685 2070 711 bona
2082 684 2225 711 universi-

1261 736 1329 761 tatis
1342 739 1369 760 et
1385 734 1482 769 populi
1493 742 1526 760 ac
1538 734 1725 768 singularium
1743 742 1930 769 personarum
1941 733 2066 760 civitatis
2080 732 2222 767 ejusdem.

1262 784 1367 810 Actum
1391 783 1493 813 Rome,
1514 783 1589 817 apud
1613 782 1747 809 Sanctam
1770 782 1889 809 Mariam
1911 783 2059 816 maj0rem,
2082 781 2110 807 in
2134 781 2225 807 domi-

1262 833 1317 859 bus
1332 832 1424 867 ipsius
1440 832 1603 865 camerarii,
1621 831 1806 866 presentibus
1821 832 1906 858 fratre
1920 830 2052 857 Jobanne
2068 830 2102 856 de
2121 829 2226 856 Sancto

1263 882 1384 916 Spiritu,
1401 881 1539 915 magistro
1554 880 1694 907 Jacobino
1709 880 1819 907 notario
1836 879 1994 915 Nepesino,
2010 879 2142 906 Johanne
2156 877 2228 905 Gui-

1263 931 1346 956 donis
1362 930 1519 957 Crescentii
1532 930 1566 955 de
1582 929 1690 962 Sutrio,
1704 929 1820 956 domino
1836 928 1956 955 Onufrio
1970 928 2072 954 abbate
2087 927 2227 954 secularis

1264 979 1386 1005 ecclesie
1402 982 1566 1005 sanctorum
1588 977 1691 1004 Cosme
1712 981 1740 1003 et
1762 976 1892 1003 Damiani
1908 977 1943 1002 de
1957 976 2059 1003 Trebis
2079 980 2107 1002 et
2123 975 2228 1002 Riceo-

1265 1028 1338 1054 bono
1350 1028 1452 1054 clerico
1465 1026 1618 1057 Brixiensi,
1632 1027 1756 1053 testibus
1771 1026 1804 1052 ad
1821 1027 1875 1052 hoc
1890 1026 2009 1052 vocatis.
2024 1024 2059 1051 Et
2073 1033 2127 1059 ego
2142 1023 2227 1050 Jaco-

1265 1077 1318 1103 bus
1336 1076 1430 1102 Pisani
1447 1075 1481 1102 de
1498 1075 1626 1102 Viterbio
1640 1075 1797 1110 apostolica
1809 1075 1979 1101 auctoritate
1991 1078 2019 1100 et
2030 1081 2106 1100 nunc
2115 1081 2229 1099 camere

1264 1125 1371 1151 domini
1387 1133 1458 1160 pape
1475 1125 1602 1151 notarius
1618 1124 1768 1158 premissis
1785 1124 1900 1150 interfui
1917 1128 1945 1149 et
1961 1128 2064 1149 cetera.

1233 1279 1428 1314 [CCCLXIVl.
1451 1294 1482 1298 —
1504 1279 1663 1305 Rarurnio
1685 1287 1768 1304 Facu
1788 1286 1837 1304 pan
1857 1286 1981 1305 smnictni
2000 1286 2135 1305 COMMUNIS
2153 1276 2229 1304 Esnn

1265 1338 1298 1355 ns
1334 1337 1362 1355 ιιι
1391 1337 1499 1355 meiat-s
1535 1336 1668 1354 mammem
1703 1326 1905 1354 anaunnum
1937 1335 2071 1354 murenis
2106 1334 2230 1352 accensis

1266 1378 1413 1404 Roxane&

1302 1478 1333 1504 In
1366 1479 1479 1504 nomine
1509 1477 1640 1509 Domini,
1669 1485 1762 1503 amen.
1794 1477 1879 1503 Anno
1907 1476 2061 1503 nativitatis
2087 1476 2230 1502 dominice

1269 1526 1552 1556 MCCLXXXXtmo,
1578 1526 1714 1552 inditione
1735 1524 1824 1557 Illita,
1847 1525 2029 1559 pontificatus
2051 1525 2158 1551 domini
2180 1524 2230 1551 Ni-

1267 1576 1337 1601 colai
1364 1584 1435 1609 pape
1461 1575 1535 1601 illiti
1561 1583 1633 1600 anno
1660 1579 1775 1609 quarto,
1806 1582 1904 1600 mense
1932 1574 2024 1600 martii
2055 1573 2100 1599 die
2130 1572 2230 1600 XXII.

1268 1624 1388 1650 Cunctis
1412 1628 1504 1659 pateat
1525 1623 1671 1650 evidenter
1692 1623 1767 1657 quod
1791 1623 1929 1657 magister
1952 1622 2081 1649 Jacobus
2106 1622 2232 1649 Gozonis

1268 1673 1398 1699 sindicus
1424 1678 1590 1707 procurator
1613 1676 1641 1698 et
1664 1672 1783 1699 nuntius
1809 1671 1972 1706 potestatis,
1989 1672 2102 1698 consilii
2127 1675 2155 1697 et
2181 1678 2232 1697 co-

1269 1723 1364 1748 munis
1384 1723 1509 1749 civitatis
1534 1722 1631 1750 Esine.
1649 1722 1758 1748 habens
1781 1721 1815 1747 ad
1841 1721 1935 1747 omnia
1957 1725 1985 1746 et
2007 1720 2120 1755 singula
2144 1719 2232 1746 infra-

1268 1772 1374 1805 scripta
1391 1771 1505 1805 plenum
1522 1776 1549 1797 et
1565 1771 1688 1805 speciale
1706 1770 1879 1800 mandatum,
1897 1775 1981 1804 prout
1996 1771 2023 1796 in
2042 1770 2232 1795 instrumento

1269 1820 1383 1854 publico
1400 1819 1466 1846 inde
1482 1820 1612 1846 confecto
1633 1828 1682 1854 per
1705 1827 1808 1845 manus
1832 1818 1995 1844 Beneamati
2018 1818 2160 1844 ,Iohannis
2178 1818 2231 1844 im-

1269 1869 1366 1903 periali
1382 1870 1551 1895 auctoritate
1575 1870 1676 1895 notarii
1700 1877 1716 1895 a
1737 1876 1781 1894 me
1803 1868 1984 1902 infrascripto
2003 1868 2110 1893 notario
2127 1868 2189 1893 viso
2205 1870 2233 1893 et

1269 1919 1342 1944 lecto
1364 1919 1475 1952 plenius
1491 1919 1663 1951 continetur,
1681 1918 1858 1944 constitutus
1873 1922 1938 1943 ante
1955 1917 2128 1951 presentiam
2146 1924 2232 1942 vene-

1269 1968 1366 1992 rabilis
1381 1967 1432 1992 viri
1446 1967 1577 1999 magistri
1591 1966 1701 1992 Nicolai
1716 1965 1823 1992 domini
1836 1973 1906 2000 pape
1919 1964 2068 1991 camerarii
2080 1969 2107 1990 et
2119 1964 2231 1998 notarii,

1269 2024 1366 2041 secum
1392 2016 1472 2050 plena
1489 2016 1691 2041 deliberatione
1710 2015 1848 2049 premissa
1860 2036 1866 2047 ,
1882 2013 2036 2040 sindicario
2052 2019 2079 2039 et
2096 2021 2232 2047 procura-

1269 2065 1342 2091 torio
1360 2066 1473 2091 nomine
1496 2065 1629 2090 comunis
1648 2069 1675 2089 et
1694 2064 1883 2098 singularium
1904 2071 2089 2097 personarum
2108 2062 2234 2089 civitatis

1270 2115 1294 2147 ej
1302 2114 1411 2144 usdem,
1427 2114 1493 2139 lecit
1510 2114 1593 2139 finem
1609 2118 1635 2139 et
1651 2113 1849 2138 refutationem
1865 2112 2017 2146 plenariam
2031 2117 2058 2137 et
2073 2116 2186 2146 pactum
2199 2111 2234 2137 de

1272 2163 1391 2188 ulterius
1409 2171 1462 2188 non
1481 2162 1602 2196 petendo
1616 2162 1708 2188 eidem
1724 2161 1839 2187 domino
1853 2161 2019 2190 camerario,
2038 2159 2184 2194 recipienti
2202 2167 2234 2186 ac

1271 2212 1415 2245 stipulanti
1435 2213 1547 2237 nomine
1565 2219 1596 2237 ac
1614 2211 1676 2237 vice
1693 2210 1800 2236 domini
1816 2218 1902 2244 pape,
1922 2209 2048 2235 Romane
2064 2209 2186 2235 ecclesie
2201 2216 2234 2235 ac

1270 2268 1382 2285 camere
1398 2268 1460 2290 sue,
1477 2260 1511 2285 de
1526 2260 1618 2285 tribus
1634 2259 1749 2285 milibus
1766 2258 1846 2285 libris
1863 2258 2088 2287 Ravennafium,
2103 2266 2160 2292 que
2177 2257 2234 2284 dic-

1272 2314 1331 2335 tum
1357 2316 1479 2334 comune
1506 2309 1577 2333 bone
1603 2308 1740 2334 memorie
1763 2307 1878 2333 domino
1905 2306 1941 2333 R.
1966 2306 2071 2332 Sancte
2095 2306 2182 2332 Mai-ie
2206 2308 2235 2332 in

1271 2355 1417 2382 Cosmidin
1444 2357 1563 2383 diacono
1588 2357 1723 2383 cardinali
1750 2360 1819 2381 tunc
1847 2356 1874 2381 in
1901 2355 2082 2381 Anconitana
2109 2354 2235 2380 Mai-chia

1271 2405 1363 2431 vicem
1383 2405 1490 2431 domini
1514 2414 1584 2439 pape
1604 2405 1714 2439 gerenti
1735 2408 1782 2430 aut
1804 2405 1941 2438 magistro
1966 2403 2105 2430 Rollando
2125 2403 2159 2429 de
2182 2402 2236 2428 Vi-

1271 2454 1362 2480 tei-bio
1377 2455 1486 2480 notario
1500 2459 1527 2479 et
1543 2453 1671 2480 familiari
1688 2453 1818 2487 ejusdem
1831 2452 1938 2479 domini
1952 2452 2104 2478 cardinalis
2121 2452 2235 2478 nomine

1271 2503 1401 2529 Romane
1417 2504 1537 2529 ecclesie
1554 2502 1704 2529 mutuavit.
1724 2501 1759 2528 Et
1774 2502 1847 2528 hanc
1868 2501 2066 2527 refutationem
2087 2506 2116 2527 et
2130 2500 2236 2526 remis-

1271 2551 1381 2577 sionem
1398 2551 1492 2577 dictus
1509 2550 1638 2577 sindicus
1656 2550 1724 2576 fecit
1739 2550 1866 2585 predicto
1882 2550 1996 2576 domino
2013 2550 2168 2575 camerario
2184 2556 2236 2583 pro

1271 2608 1304 2625 eo
1326 2600 1402 2634 quod
1418 2600 1621 2626 sanctissimus
1643 2602 1722 2633 pater
1743 2602 1770 2624 et
1789 2598 1923 2624 dominus
1945 2598 2080 2624 dominus
2099 2597 2236 2624 Nicotaus

1271 2657 1343 2683 papa
1358 2647 1415 2674 ΠΗ
1432 2649 1541 2674 remisit
1556 2648 1672 2673 comuni
1688 2646 1776 2673 Esino
1792 2651 1820 2672 et
1833 2646 2030 2680 singularibus
2044 2646 2176 2680 personis
2192 2645 2236 2680 ip-

1271 2695 1334 2722 sius
1350 2695 1524 2730 quingentas
1540 2695 1625 2721 libras
1648 2694 1857 2720 Ravennatium
1885 2693 1919 2719 de
1943 2701 2055 2719 summa
2078 2693 2236 2728 condemp-

1272 2744 1419 2770 nationum
1443 2743 1580 2769 factarum
1604 2747 1702 2769 contra
1729 2742 1823 2777 ipsum
1848 2749 2000 2768 commune
2023 2747 2051 2767 et
2073 2741 2236 2776 singulares

1274 2927 1297 2952 1.
1323 2926 1455 2957 Orvieto,
1481 2926 1513 2952 ⁴22¹
1540 2935 1615 2952 mars
1644 2925 1718 2952 1291.
1744 2938 1779 2945 —
1807 2924 1844 2950 Le
1866 2925 1968 2959 syudic
1991 2924 2075 2950 d'Iesi
2095 2925 2173 2959 regie
2195 2924 2236 2950 les

1236 2980 1365 3010 comptes
1381 2975 1415 3001 de
1431 2984 1462 3001 sa
1477 2983 1628 3001 commune
1644 2983 1713 3001 avec
1729 2975 1753 3000 le
1770 2973 1966 3008 Saint-Siege.
