2392 3571
119 341 173 369 474

189 405 218 430 In
245 404 358 429 nominc
381 402 495 428 Domini
518 402 606 427 nostri
628 401 698 427 Jesu
721 401 827 427 Christi
848 405 875 426 et
897 408 971 426 anno
987 399 1118 433 ejusdem

155 451 359 478 incarnationis
376 450 527 476 millesimo
542 450 702 476 centesimo
718 449 905 483 nonagesimo
921 453 1032 480 octavo,
1047 447 1120 472 resi-

153 501 238 526 dente
263 499 435 525 Innocencio
460 499 549 524 tercio
575 507 647 533 papa
672 506 786 524 summo
811 498 946 532 pontifice
970 497 995 522 in
1021 496 1118 522 sedem

154 548 360 579 Apostolorum
379 547 525 580 principis.
545 546 747 580 mensejunio,
767 546 924 572 indictione
941 545 1040 579 prima.
1059 543 1120 570 Nos

153 596 268 630 quidem
282 595 459 620 Narnienses
475 595 610 620 eonsules
624 594 802 620 universales
815 594 940 620 civitatis
955 596 982 618 et
999 593 1120 618 eomita-

155 649 201 670 tus
214 644 330 673 Nat-nie,
343 643 438 668 silicet
455 642 621 668 Leonardus
634 641 836 673 Rodolsucius⁷
852 641 970 675 Rapizo,
987 640 1121 673 Blancus,

158 693 269 719 Petrus.
295 691 474 725 pelegrinus,
493 690 635 719 Mathous,
653 690 854 723 Ctescencins,
870 689 1048 718 Tiniosolus,
1069 687 1122 714 Jo-

155 742 274 773 tinnites,
293 739 460 773 Bonaguida
477 743 561 773 atque
577 739 689 770 Nicola,
708 740 853 765 communi
871 739 1015 763 voluntate
1030 741 1056 762 et
1072 736 1122 762 de-

156 790 273 814 liberato
289 787 410 813 consilio
426 791 454 813 et
470 788 496 813 in
514 788 604 822 platea
621 787 750 821 ejusdem
770 787 903 816 civitatis?
923 785 996 811 nullo
1013 785 1121 811 inducti

155 837 219 862 dolo
237 837 277 861 vel
296 836 405 866 fraude,
423 835 472 861 sed
490 835 572 861 solita
588 835 725 868 bonitate,
743 835 845 860 damus
859 834 996 859 tradimus
1012 837 1039 858 et
1053 841 1123 858 con-

155 884 285 910 cedimus
314 884 396 909 vobis
422 883 552 909 Alifande
577 887 605 909 et
634 882 759 909 Hen1·ico
785 887 869 916 atque
893 882 1002 915 Joseph
1031 880 1122 907 Carlei

154 934 342 958 tenimentum
371 933 447 958 arcis
472 932 614 966 quondam
646 931 738 957 Carlei
770 936 798 957 et
824 932 945 957 servicia
975 931 1121 956 hominum

155 981 404 1015 proportionaliter
426 980 503 1006 sicut
527 980 593 1006 olim
612 980 755 1005 habuistis
772 988 821 1014 pro
839 979 940 1009 divise,
963 979 987 1004 id
1008 982 1051 1005 est
1072 978 1123 1004 tibi

155 1029 287 1055 Alisanaele
299 1033 405 1062 partem
418 1037 472 1062 que
485 1028 538 1054 fuit
553 1028 601 1054 filii
614 1028 653 1053 tui
664 1028 807 1062 quondam
821 1028 897 1061 Tlria
907 1028 1059 1055 ns:11·ici,et
1073 1027 1122 1053 tihi

155 1077 280 1103 Henrico
303 1081 330 1102 et
352 1076 462 1110 Josepb
484 1077 640 1110 unicuique
658 1080 765 1110 partem
783 1084 864 1101 suam
882 1076 958 1101 sicut
979 1075 1122 1109 quondam

156 1127 306 1152 habuistis.
329 1126 407 1157 Quas
429 1130 524 1159 partes
547 1125 665 1159 predicti
688 1125 837 1151 tenimenti
859 1125 934 1149 arcis
957 1128 982 1149 et
1000 1124 1123 1149 servicia

155 1175 302 1200 hominum
327 1174 458 1208 ejusdem
479 1174 554 1199 arcis
576 1174 657 1199 vobis
678 1178 706 1199 et
725 1174 830 1199 vestris
847 1172 1002 1198 heredibus
1019 1180 1123 1197 conce-

155 1223 252 1249 dimus
280 1226 416 1256 perpetuo
441 1222 474 1247 ad
501 1222 671 1255 tenendum,
701 1221 922 1255 possidendum,
953 1220 1121 1251 fruendum,

156 1272 234 1297 salvo
246 1271 319 1305 quod
334 1271 438 1296 nullam
453 1274 622 1304 potestatem
637 1270 766 1295 habeatis
778 1268 930 1300 vendendi,
941 1268 1121 1302 pignorandi,

154 1319 295 1345 alienandi
317 1319 350 1344 (le
377 1319 513 1352 predictis
539 1318 773 1352 possessionibus
794 1317 870 1343 dicte
894 1317 969 1342 arcis
993 1316 1046 1342 nisi
1073 1325 1122 1350 pro

155 1367 250 1393 debito
266 1367 340 1401 quod
358 1371 402 1392 est
424 1368 450 1392 in
476 1367 712 1400 possessionibus
730 1366 859 1399 ejusdem
878 1366 952 1391 arcis
975 1366 1037 1390 sine
1053 1372 1124 1390 con—

154 1424 242 1441 sensu
260 1415 412 1441 consulum
429 1414 553 1440 civitatis
572 1414 676 1439 Narnie
691 1414 738 1447 qui
754 1414 947 1447 temporaliter
963 1416 990 1437 et
1009 1413 1123 1438 univer-

156 1464 253 1489 saliter
270 1464 363 1488 tocius
379 1463 503 1488 civitatis
520 1466 614 1493 erunt,
632 1466 659 1487 et
683 1462 706 1487 si
728 1462 864 1487 consules
889 1470 942 1486 non
969 1462 1073 1487 suerint
1094 1462 1121 1487 in

155 1512 281 1541 civitate,
299 1512 360 1537 sine
378 1519 522 1536 consensu
550 1511 644 1535 tocius
671 1510 765 1543 populi
792 1510 918 1538 civitatis
944 1509 1050 1535 Nat-nie
1080 1509 1122 1535 vel

157 1560 274 1594 maJ'oris
297 1560 384 1593 partis
408 1559 515 1593 populi.
538 1558 572 1584 Et
598 1567 648 1584 nos
672 1559 806 1584 eonsules
828 1558 947 1591 predicti
970 1567 1019 1592 pro
1042 1556 1144 1584 nobis⁴

154 1613 181 1634 et
207 1617 256 1642 pro
281 1607 388 1633 nostris
413 1608 636 1633 suecessoribus
661 1607 837 1632 auctorizare
864 1611 891 1633 et
918 1607 1072 1633 observare
1096 1611 1124 1633 et

157 1660 294 1691 perpetuo
311 1656 464 1681 defendere
481 1656 562 1681 vobis
579 1660 606 1681 et
622 1656 728 1681 vestris
745 1656 901 1681 heredibus
919 1656 1122 1690 promittimus,

155 1706 232 1731 omni
257 1705 426 1738 exceptione
449 1707 593 1735 cessante,
620 1708 648 1729 ut
673 1712 759 1738 supra
783 1704 923 1737 seriptum
941 1708 1000 1734 est,
1017 1708 1045 1730 et
1068 1712 1123 1730 non

154 1757 254 1779 eontra
271 1753 368 1778 venire
385 1753 412 1778 in
429 1753 562 1786 placitum
582 1753 623 1777 vel
641 1757 721 1778 extra
739 1752 874 1786 placitum
889 1753 931 1778 vel
947 1752 1042 1786 aliquo
1056 1761 1125 1778 con-

157 1806 243 1827 ventu
260 1802 284 1826 in
302 1804 483 1834 perpetuum.
498 1799 530 1825 Et
547 1800 570 1825 si
590 1800 642 1825 hoc
657 1804 746 1825 totum
765 1804 796 1826 ut
812 1809 899 1834 supra
915 1801 1055 1835 scriptum
1070 1805 1123 1832 est,

157 1858 206 1883 per
222 1850 316 1875 onmia
333 1854 360 1874 et
382 1850 408 1874 in
432 1849 566 1874 omnibus
582 1849 746 1874 executioni
770 1849 903 1874 mandare
924 1853 952 1875 et
972 1849 1125 1876 observare

157 1899 343 1929 noluerimus,
361 1897 553 1930 promittimus
571 1906 619 1931 pru
638 1898 719 1923 nohis
736 1902 763 1923 et
781 1898 888 1923 nostris
904 1899 1126 1924 successoribus

158 1948 239 1972 vobis
259 1951 286 1972 et
310 1947 414 1972 vestris
437 1946 590 1971 heredibus
607 1946 673 1971 dare
690 1947 865 1980 quingentas
881 1947 968 1973 libras
985 1947 1125 1974 bonorum

159 1996 318 2021 lucensium
345 1995 459 2020 nomine
483 2003 565 2028 pene.
588 1994 621 2019 Et
646 1995 739 2020 solnta
767 2003 839 2029 pena
869 1995 923 2021 hoc
949 1996 1127 2022 instrumen-

158 2047 227 2073 tum,
245 2043 318 2075 quon]
338 2052 391 2068 non
410 2046 519 2068 tantum
544 2043 576 2068 ad
597 2043 838 2076 sollempnitatem
856 2043 906 2069 scd
925 2044 957 2069 ad
976 2044 1064 2078 hujus
1087 2045 1126 2070 rei

158 2092 351 2125 probationem
377 2092 505 2117 scribere
531 2092 697 2124 rogavimus
725 2091 955 2124 Deusteadjuvet
984 2093 1125 2119 notarium

158 2144 186 2165 et
206 2140 336 2173 legistam
349 2161 354 2170 ‚
370 2139 552 2165 Timotheum
577 2140 735 2170 notarium,
759 2141 784 2165 in
809 2140 958 2174 presencia
975 2141 1127 2176 subscrip-

159 2192 251 2213 torum
277 2188 392 2213 testium
415 2193 443 2213 et
464 2187 584 2213 aliorum
608 2187 748 2221 plurium,
766 2189 844 2214 omni
866 2194 994 2223 tempore
1011 2197 1063 2216 sua
1080 2190 1128 2215 fit·-

158 2236 255 2261 mitate
287 2239 467 2270 permaneat:
492 2244 635 2270 expensas
667 2245 732 2261 veru
755 2236 913 2262 Turrisano
937 2239 1128 2264 communiter

159 2284 273 2310 dabitis.
530 2289 543 2300 ’

194 2339 372 2364 Gottisrealus
396 2340 567 2371 Abbatisse,
591 2341 736 2372 Olirarius
760 2341 837 2367 filius
858 2343 933 2375 ejus,
959 2342 1129 2376 Pelegrinus

160 2388 306 2417 Gimviudt,
326 2388 446 2413 llubeus
460 2389 641 2417 Altementis,
661 2389 910 2423 Caperliageccus,
926 2391 1065 2417 liudulfus
1081 2391 1129 2417 Jo-

161 2435 263 2460 hannis
280 2436 468 2469 Caputtollus,
484 2436 592 2470 Nieolu,
611 2437 787 2471 Capzizanus,
803 2438 934 2464 Mattheus
951 2439 1037 2464 frater
1053 2441 1076 2473 ej
1085 2448 1128 2471 us,

160 2484 298 2513 Abs-aton,
318 2485 407 2509 vocati
426 2489 525 2511 testes,

197 2544 256 2578 Ego
273 2545 387 2579 quidem
407 2545 633 2580 Deustewljuvet
652 2552 768 2580 rogatus
783 2548 895 2574 tabellio
908 2553 935 2574 et
949 2548 1049 2582 legista
1064 2557 1129 2574 cum

161 2593 311 2619 Timotheo
331 2594 444 2628 scripsi.

198 2653 257 2687 Ego
285 2654 455 2680 Timotheus
487 2657 616 2681 notarius
646 2661 763 2689 rogatus
789 2658 899 2683 notaria
927 2667 989 2684 mea
1018 2659 1132 2693 propria

164 2710 248 2727 manu
265 2703 380 2736 scripsi.

200 2764 233 2789 Et
250 2773 302 2797 ego
317 2764 477 2791 Hiccardus
488 2766 647 2799 imperialis
662 2768 726 2792 aule
740 2768 909 2794 scriniarius
921 2768 975 2794 hoc
987 2769 1132 2803 exemplar

166 2820 199 2836 ex
217 2813 360 2837 autentico
383 2813 525 2839 Timothei
550 2814 652 2840 notarii
675 2815 796 2841 fideliter
817 2819 981 2850 sumptum,
1000 2817 1033 2842 de
1052 2825 1133 2843 man-

167 2860 231 2885 dato
248 2860 354 2886 domini
372 2860 520 2887 Benedicti
538 2861 645 2888 domini
663 2871 733 2897 pape
756 2864 904 2890 camerarii
920 2865 1089 2899 transcripsi
1106 2868 1134 2891 et

167 2909 194 2933 in
219 2909 360 2942 publicam
384 2910 502 2935 formam
527 2910 639 2944 redegi,
663 2919 737 2936 anno
763 2911 906 2938 dominice
927 2912 1134 2940 incarnationis

167 2954 411 2988 310CC0XXX010‚
430 2958 538 2983 mensis
554 2958 682 2984 octobris
697 2958 742 2984 die
761 2959 797 2990 X,
816 2959 971 2986 indictione
987 2962 1097 2994 quinta.

663 336 712 365 LE
739 335 881 364 LIBER
903 331 1135 363 CENSUUM
1161 331 1215 361 DE
1239 323 1426 362 L'EGLISE
1449 330 1660 360 ROMAINE.

1201 396 1323 423 CCXIX
1340 398 1361 430 f.
1380 412 1412 417 —
1429 398 1623 423 Juramenlum
1640 398 1784 424 hominum
1800 397 1831 422 de
1847 398 1990 424 Ferentillo
2002 405 2021 424 ι.

1275 499 1335 525 Hoc
1351 502 1396 524 est
1413 499 1617 533 transcriptum
1632 499 1790 533 juramenti
1815 498 1963 524 hominum
1986 498 2020 524 de
2046 497 2213 525 Ferentillo.

1275 547 1305 573 In
1320 547 1371 574 Dei
1386 547 1511 577 nomine,
1526 556 1621 573 amen.
1639 547 1700 573 Nos
1716 547 1804 573 abbas
1820 551 1848 573 et
1864 550 2027 573 conventus
2045 547 2214 574 monasterii

1205 594 1209 595 ⁷
1238 596 1331 622 sancti
1357 595 1433 622 Petri
1458 596 1492 621 dc
1517 595 1669 621 Fet-entillo
1690 600 1717 621 et
1739 595 1871 621 homines
1893 595 2006 621 abbatie
2026 596 2162 630 jtiramus
2177 594 2214 621 ad

1239 647 1339 670 sancta
1363 643 1414 669 Dei
1438 643 1586 677 evangelia
1603 643 1719 669 domino
1738 651 1808 677 pape
1832 643 1886 669 sub
1903 643 1956 669 hac
1975 643 2065 669 forma
2081 643 2108 668 in
2126 650 2214 669 manu

1239 691 1347 718 domini
1365 691 1503 725 Stephani
1520 691 1659 725 capellani
1676 692 1741 717 sni:
1761 701 1772 713 (ι
1788 691 1850 725 Ego
1862 690 2002 725 talisjuro
2014 691 2099 717 tactis
2113 698 2213 717 sacro-

1239 750 1253 764 »
1275 740 1385 766 sanctis
1405 739 1562 771 evangeliis
1579 743 1656 765 stare
1672 743 1700 765 et
1715 739 1831 765 obedire
1850 739 1986 766 omnibus
2003 739 2143 765 mandatis
2159 739 2212 765 do-

1242 800 1254 811 »
1277 788 1346 814 mini
1372 787 1504 821 Gregorii
1530 795 1600 821 pape
1627 788 1694 813 noni
1721 791 1749 814 et
1773 788 1836 813 suis
1864 787 1987 820 nunciis,
2010 791 2037 813 et
2062 787 2138 821 quod
2164 795 2216 813 ero

1241 847 1254 860 υ
1276 836 1369 862 fidelis
1391 836 1417 862 ei
1442 836 1468 861 in
1497 839 1666 869 perpetuum
1689 839 1717 861 et
1739 835 1964 862 successoribus
1987 835 2049 862 suis
2073 836 2214 862 canonice

1242 896 1254 908 u
1276 884 1463 910 intrantibus.
1482 884 1545 910 Non
1563 892 1612 909 ero
1630 885 1656 910 in
1679 884 1754 910 facto
1778 883 1822 909 vel
1846 884 1873 909 in
1896 884 2017 910 consilio
2032 884 2108 918 quod
2125 885 2216 910 vitam

1242 944 1254 957 n
1277 932 1397 967 perdant
1412 937 1460 958 ant
1478 933 1639 964 menbrum,
1655 933 1700 958 vel
1717 932 1872 966 capiuntur
1888 932 1959 958 mala
1976 933 2119 967 captione.
2137 931 2215 958 Con-

1243 993 1254 1005 „
1277 981 1374 1007 silium
1391 980 1466 1014 quod
1486 980 1572 1006 michi
1588 980 1707 1006 credent
1722 980 1789 1006 nulli
1809 979 1929 1014 pandam
1947 980 1980 1005 ad
1998 989 2097 1006 eorum
2113 980 2216 1015 damp-

1243 1041 1254 1053 »
1278 1037 1356 1056 num.
1383 1028 1498 1054 Terram
1525 1028 1637 1054 abbatie
1662 1027 1697 1053 de
1723 1027 1876 1053 Ferentillo
1902 1027 2017 1061 adjutor
2040 1036 2089 1054 ero
2119 1029 2162 1054 eis
2186 1031 2216 1056 et

1242 1089 1254 1101 n
1277 1077 1399 1103 ecclesie
1417 1076 1546 1102 Romane
1569 1076 1602 1102 ad
1626 1076 1808 1102 retinendum
1832 1080 1859 1102 et
1879 1076 2090 1102 defendendum
2114 1080 2216 1103 contra

1242 1137 1255 1150 υ
1277 1133 1390 1151 omnem
1414 1133 1579 1159 personam.
1603 1124 1674 1150 Item
1699 1124 1826 1150 studium
1850 1124 1923 1150 dabo
1943 1125 2018 1158 quod
2043 1133 2145 1151 omues
2166 1124 2216 1152 alii

1243 1186 1254 1198 n
1277 1174 1311 1200 de
1342 1178 1416 1199 terra
1439 1174 1552 1199 abbatie
1574 1173 1608 1199 de
1632 1173 1787 1199 Ferentillo
1809 1174 1910 1206 jurent
1941 1178 1968 1199 et
1998 1177 2113 1200 servent
2136 1173 2213 1200 idem

1242 1234 1255 1247 ι»
1273 1224 1483 1257 juramentum.
1513 1222 1562 1248 Sic
1587 1230 1631 1248 me
1660 1221 1740 1248 Dcus
1768 1221 1885 1256 adjuvet
1907 1226 1935 1248 et.
1960 1223 2012 1248 hec
2037 1226 2136 1248 sancta
2160 1221 2216 1249 Dei

1243 1283 1255 1295 =›
1276 1272 1436 1305 evangelia.
1453 1281 1465 1295 ι

1277 1319 1400 1346 Donnus
1416 1319 1594 1346 Octavianus
1612 1319 1687 1353 prior
1699 1320 1827 1352 juratus,
1850 1318 1971 1345 Donnus
1987 1318 2136 1346 Castorius
2153 1327 2217 1346 mo-

1243 1369 1352 1394 nachus
1365 1369 1492 1402 juratus,
1505 1368 1619 1394 donnus
1633 1367 1755 1402 Egidius
1767 1369 1894 1401 juratus,
1909 1367 2022 1394 donnus
2037 1368 2218 1395 Sarracenus

1239 1419 1365 1452 juratus,
1383 1417 1497 1443 donnus
1514 1416 1673 1443 Raiualdus
1687 1417 1815 1450 juratus.

1278 1465 1321 1491 De
1338 1466 1402 1491 villa
1420 1465 1567 1492 Macenani
1587 1477 1591 1491 :

1280 1514 1425 1540 Valterius
1441 1513 1529 1539 Sanni
1543 1515 1674 1547 juratus,
1698 1513 1838 1539 Bonarita
1858 1513 1942 1539 Raiui
1955 1515 2087 1547 juratus,
2107 1513 2217 1540 Manci-

1243 1572 1298 1590 nus
1313 1562 1429 1588 Berardi
1441 1563 1569 1595 juratus,
1584 1562 1693 1588 Jaurus
1706 1561 1794 1588 Follis
1810 1563 1934 1595 juratus,
1951 1561 2125 1587 Valteronus
2139 1561 2218 1588 Iauri

1239 1613 1368 1646 juratus,
1388 1610 1534 1636 Heni-icus
1551 1609 1658 1636 Follius
1671 1612 1804 1644 juratus,
1831 1609 1964 1635 Matheus
1981 1609 2219 1636 Accurimbonus

1239 1661 1366 1694 juratus,
1391 1659 1537 1686 Odorinus
1554 1658 1663 1684 Valteri
1676 1660 1808 1692 juratus,
1828 1658 2018 1684 Maeni-aniius
2034 1657 2120 1684 Janni
2133 1658 2217 1692 jura-

1243 1712 1301 1738 tus,
1315 1707 1438 1734 Gentilis
1449 1707 1578 1734 Oddonis
1590 1708 1718 1741 juratus,
1730 1706 1881 1732 Johannes
1895 1706 2075 1733 Binnimrius
2088 1708 2218 1740 juratus,

1243 1756 1413 1783 Raunaldus
1426 1755 1555 1782 Rainerii
1568 1757 1695 1789 juratus,
1710 1755 1871 1781 Rainucius
1884 1755 1950 1780 Acti
1963 1755 2091 1788 juratus,
2106 1753 2220 1780 Johan-

1246 1806 1290 1831 nis
1307 1805 1441 1831 Hainucii
1455 1806 1585 1839 juratus,
1606 1803 1764 1830 [lain-aldus
1788 1803 1899 1829 l‘rannc
1919 1804 2051 1837 juratus,
2069 1802 2221 1829 Johannes

1244 1853 1443 1887 Aclejuratus,
1459 1852 1617 1878 Rainatdus
1631 1852 1932 1885 Derai-duciijuratus,
1945 1851 2218 1885 But-lantejuratus,

1245 1902 1395 1928 Rainullus
1420 1901 1495 1927 l’etri
1509 1902 1641 1935 juratus,
1666 1900 1810 1925 Berarilus
1830 1899 1904 1925 Petri
1922 1901 2054 1933 jun-auus,
2070 1899 2221 1926 Johannes

1247 1951 1322 1977 Petri
1336 1952 1463 1985 juratus,
1482 1949 1670 1975 Seaniorinus
1687 1949 1803 1975 Derai-di
1820 1950 1948 1982 juratus,
1965 1948 2108 1974 'l'otliscus
2126 1947 2219 1974 Ranni

1242 2001 1368 2034 juratus,
1387 1998 1543 2024 Minisbare
1557 1999 1686 2031 juratus,
1710 1997 1859 2023 Johawnes
1877 1996 1953 2021 Salvi
1968 1997 2098 2030 juratuS‚
2119 1996 2220 2022 Poica-

1245 2049 1298 2074 clia
1317 2049 1448 2082 juratus,
1479 2047 1609 2072 l'it'ectus
1633 2047 1764 2080 juratus,
1790 2045 1976 2070 Massaronus
1997 2044 2064 2070 Jani
2085 2046 2219 2078 juratus,

1247 2097 1401 2124 Rainerius
1416 2097 1482 2123 Jani
1500 2097 1627 2129 juratus,
1649 2094 1792 2120 valterius
1812 2093 1914 2119 l3inicti
1928 2094 2059 2127 juratus,
2081 2093 2222 2120 Ruballus

1246 2145 1324 2171 Petri
1349 2146 1475 2179 juratus,
1502 2144 1689 2170 Romanellus
1710 2144 1836 2177 juratus,
1865 2141 2037 2167 Valteronus
2058 2142 2123 2175 ejus
2144 2142 2222 2167 fitius

1243 2196 1370 2229 juratus,
1390 2193 1546 2219 Mattoccus
1562 2193 1692 2226 juratus,
1712 2191 1845 2217 Scantius
1864 2190 2126 2224 Bei·a1·‹lijui·atus‚
2152 2189 2223 2215 Bar-

1248 2242 1411 2269 tholotneus
1441 2240 1571 2267 oddonis
1597 2242 1730 2274 juratus,
1768 2238 1920 2264 Rranilicia
1950 2237 2058 2263 Valteri
2086 2239 2220 2271 juratus,

1246 2291 1395 2317 Johannes
1418 2291 1483 2324 ejus
1507 2297 1598 2323 nepos
1617 2290 1744 2322 juratus,
1769 2287 1935 2313 Benene-asa
1954 2286 2077 2312 Mon-uoti
2093 2287 2222 2319 jin-atus,
2261 2297 2266 2301 ·

1249 2340 1366 2365 Scerive
1379 2341 1505 2373 Juratus,
1532 2328 1675 2363 Munullus
1696 2336 1782 2362 Janni
1802 2337 1929 2369 juratus,
1945 2334 2222 2367 'l'izoniusjui·atus,

1247 2388 1398 2414 Johannes
1415 2387 1500 2412 Azari
1518 2387 1652 2420 juratus,
1675 2384 1789 2410 Blasius
1816 2384 1901 2409 Azara
1922 2384 2051 2416 juratus,
2078 2382 2225 2408 Berardus

1250 2436 1357 2462 Valteri
1378 2437 1510 2470 juratus,
1537 2434 1678 2468 presbiter
1699 2432 1769 2458 Cras
1783 2431 1908 2466 juratus,
1925 2431 2004 2457 Ocdo
2021 2430 2127 2456 Valteri
2140 2431 2224 2464 jura-

1249 2489 1312 2518 tus,
1328 2484 1478 2510 Johannes
1496 2483 1605 2508 Valteri
1627 2483 1756 2515 juratus,
1776 2479 1922 2506 Derai-dus
1938 2480 1972 2505 de
1993 2479 2075 2506 Militi
2089 2480 2222 2513 juratus,

1249 2534 1416 2560 Gintilonus
1434 2531 1553 2558 Raiterii
1567 2532 1694 2565 juratus.

1254 2721 1276 2746 1.
1297 2719 1422 2746 Octobre
1442 2718 1517 2745 1231.
1542 2733 1572 2737 —
1595 2718 1728 2743 Sei-ment
1750 2717 1828 2750 prete
1851 2724 1885 2741 au
1911 2723 1981 2750 pape
2002 2715 2142 2748 Greguire
2164 2714 2226 2746 IX,

1216 2772 1296 2795 entre
1313 2770 1354 2794 les
1371 2768 1463 2794 mains
1483 2767 1517 2793 de
1539 2775 1591 2793 son
1613 2766 1760 2800 chapelain
1780 2764 1919 2795 EUenne,
1942 2773 1991 2798 par
2012 2764 2103 2789 l⁷abbe
2119 2764 2152 2789 [le
2170 2763 2227 2790 Fe-

1216 2817 1344 2849 rentillo,
1363 2825 1410 2843 ses
1431 2816 1543 2842 moines
1559 2819 1586 2841 et
1609 2822 1657 2840 ses
1677 2813 1855 2843 tenanciers,
1874 2813 1992 2838 ceux-ci
2009 2814 2088 2838 etant
2105 2812 2228 2846 repartis

1218 2874 1267 2900 par
1283 2852 1412 2899 villages,
1431 2864 1599 2895 Mecenano,
1621 2863 1752 2893 Ginesta,
1770 2861 1868 2891 'rei-zo,
1888 2860 2010 2893 l‘orcile‚
2032 2860 2062 2887 S.
2081 2860 2225 2894 Caterina,

1218 2913 1315 2939 Monte
1339 2913 1369 2939 S.
1388 2912 1465 2942 vito,
1485 2911 1559 2938 Villa
1582 2910 1612 2936 S.
1634 2910 1713 2943 Vito,
1740 2908 1866 2940 Gabbio,
1892 2907 2056 2939 Ferentino,
2080 2907 2226 2940 Prceeuo,

1217 2961 1451 2995 Casalreligioso,
1468 2959 1641 2989 Castellone,
1659 2957 1735 2983 Colle
1753 2956 1846 2983 Oliva.
