2392 3571
133 328 189 357 014

212 394 246 421 Et
262 401 311 428 eqo
328 390 489 419 Iticeardas
505 388 674 426 imperialis
685 388 754 416 (title
769 388 959 416 scriniarius
972 388 1052 415 hanc
1068 394 1137 415 car-

174 451 232 474 tam
249 445 408 480 utriusque
422 443 522 479 partis
540 450 682 469 consensu
700 441 846 478 complevi
862 446 995 477 rooatus.

133 603 254 633 CCLX.
271 620 307 624 —
321 602 469 631 CsuTULA
484 609 686 630 vENm'rIONts
703 609 799 629 FAcTe:
815 609 852 628 AB
868 600 1002 630 Unssn'ro
1022 609 1057 629 DE
1076 601 1137 629 ΒΕ-

173 664 271 685 nALDO
290 664 326 684 DE
342 663 430 684 BONIS
447 663 511 683 SUIS
529 654 659 683 PALIANI
678 663 715 682 ET
731 652 888 683 Sannoxts
901 655 922 682 ¹.

211 763 243 790 ln
263 762 384 789 nomine
404 760 536 793 Domini,
557 769 658 788 amen.
676 760 762 788 Anno
781 760 1006 788 incarmitionis
1024 760 1139 788 Christi

175 815 334 843 millesimo
357 813 538 847 (J'CQYXXIII,
564 812 760 849 pontificatus
780 813 898 840 domini
918 813 948 840 G.
970 821 1045 849 pape
1063 813 1139 841 noni

170 876 250 895 (inito
273 871 362 899 sesto,
389 874 486 893 mense
507 865 661 900 februario
686 865 733 892 die
755 865 833 898 1'Jtt,
853 865 1022 893 initiatione
1041 870 1134 893 sexta.

170 921 227 955 Ello
244 920 392 947 Habet-tus
403 918 435 945 de
450 917 574 945 Beraldo
591 917 647 945 hac
663 917 710 944 die
721 918 852 954 presenti
865 918 993 954 propria
1010 922 1034 945 et
1047 926 1137 954 spon-

171 977 257 1000 tanea
278 972 431 999 voluntate
450 970 541 998 vendo
565 975 590 998 et
615 970 855 998 irrevocabiliter
879 970 964 998 trado
990 971 1042 998 tilii
1070 980 1138 998 ma-

168 1026 263 1061 qistro
290 1024 386 1052 Boetio
408 1024 513 1051 clerieo
537 1023 656 1051 domini
677 1031 754 1059 pape
775 1023 988 1059 procuratorio
1017 1024 1139 1051 nomine

169 1086 222 1113 pro
240 1077 362 1104 domino
377 1085 455 1113 papa
473 1080 498 1103 et
514 1076 577 1103 suis
593 1075 813 1103 successoribus
829 1075 867 1103 ad
884 1084 957 1112 opus
973 1080 998 1103 et
1015 1076 1138 1104 utilita-

171 1135 225 1158 tem
246 1130 375 1157 Romane
391 1129 508 1157 ecclesie
524 1129 553 1155 in
571 1132 762 1165 perpetuum,
784 1127 919 1156 videlice!
937 1132 1026 1155 totam
1043 1133 1068 1156 et
1089 1129 1138 1156 in-

172 1188 285 1219 teyram.
305 1187 421 1219 purtem
448 1191 541 1209 meam
569 1190 647 1209 roi-ce
666 1186 690 1209 et
711 1181 804 1209 castri
820 1182 946 1209 Paliani
963 1186 987 1209 et
1005 1190 1085 1209 rocee
1104 1190 1138 1210 ae

170 1237 262 1265 castri
282 1236 432 1268 Serronis,
451 1244 517 1262 euin
542 1234 678 1261 domibus
697 1239 721 1261 et
743 1234 890 1261 easatmts
914 1234 998 1269 infra
1020 1243 1135 1262 roccam

172 1290 294 1317 I’aliani
311 1289 406 1317 'mi'chi
421 1288 642 1324 pertinentilnis
655 1292 680 1315 et
695 1296 762 1315 cnm
781 1288 865 1315 omni
879 1287 963 1323 jure,
982 1287 1137 1324 jurisdic-

169 1343 247 1370 tione
266 1347 291 1369 et
312 1341 437 1370 aetimie.
465 1340 600 1367 dominio
625 1345 649 1367 et
674 1340 784 1367 honore
805 1344 830 1367 et
855 1344 913 1367 tam
941 1341 971 1367 in
999 1340 1138 1368 vassallis

170 1405 260 1433 quam
283 1396 311 1423 in
331 1395 430 1428 terris,
447 1394 550 1422 vineis
571 1394 678 1430 pratis,
697 1385 861 1427 montibus,
880 1393 1013 1427 collibus,
1031 1394 1137 1430 plani—

171 1449 230 1483 tiis,
242 1448 373 1484 pascuis.
385 1447 480 1475 silvis.
493 1447 581 1482 mpiis
592 1450 617 1473 et
629 1446 868 1473 comunitatilnis
880 1446 1044 1479 universis,
1058 1447 1137 1474 sient

172 1502 264 1529 michi
280 1506 302 1528 et
322 1501 478 1528 heredibus
503 1500 574 1527 meis
595 1503 766 1536 competunt
788 1508 843 1536 pro
865 1499 963 1528 diviso
986 1500 1030 1528 vel
1054 1500 1137 1528 ineli-

172 1555 232 1583 viso
251 1555 282 1581 in
300 1553 444 1590 predictis
461 1553 569 1580 castris
593 1553 675 1579 intus
697 1556 722 1579 et
745 1557 830 1580 extra
850 1561 903 1588 per
922 1557 1014 1580 tolum
1033 1561 1135 1581 eorum

170 1606 359 1635 territorium
387 1610 411 1633 et
432 1605 619 1633 districtum.
640 1605 674 1633 Et
695 1605 843 1642 quicquid
859 1614 908 1641 eiJo
927 1606 970 1633 vel
985 1606 1048 1634 alia
1068 1614 1138 1642 per-

169 1670 239 1689 sona
257 1669 312 1696 pro
336 1669 379 1687 me
401 1660 435 1687 de
452 1659 597 1696 predictis
619 1659 760 1687 omnibus
780 1659 982 1696 possidemus,
1007 1663 1099 1687 totum
1120 1668 1137 1687 a

167 1713 298 1750 presenti
311 1722 356 1739 ine
365 1713 513 1741 constituo
530 1713 653 1739 nomine
664 1713 795 1740 Romane
805 1712 922 1741 ecclesie
935 1712 1094 1749 possidere,
1113 1717 1138 1740 et

169 1767 203 1794 elo
221 1771 246 1794 et
269 1766 392 1794 concedo
417 1765 474 1802 ipsi
495 1765 617 1793 domino
642 1774 718 1802 pape
742 1765 867 1793 liberam
889 1769 1060 1802 potestatem
1089 1766 1137 1794 in-

171 1819 276 1847 trandi
297 1823 322 1846 et
338 1818 513 1855 aecipiendi
526 1827 581 1854 per
598 1827 626 1846 sc
644 1818 690 1846 vel
703 1823 932 1855 procuratorem
953 1827 1041 1846 suum
1063 1827 1137 1847 aue-

171 1873 290 1901 toritate
305 1872 429 1908 propria
442 1871 652 1907 possessionem
666 1871 805 1899 omnium
821 1871 1027 1908 predictorum
1043 1876 1068 1899 et
1086 1872 1136 1900 ha-

169 1926 265 1959 bendi,
291 1924 418 1959 tenendi,
435 1924 610 1960 possidendi
627 1924 666 1952 ad
685 1933 759 1961 opus
777 1929 802 1952 el
823 1924 986 1952 utilitatem
1007 1925 1138 1953 Romane

169 1978 287 2007 ecclesie
304 1978 335 2005 in
353 1982 531 2014 perpetuum
548 1977 651 2005 omnia
666 1977 856 2013 supradicta,
873 1977 956 2005 salvo
968 1985 1021 2013 per
1032 1968 1136 2005 omnia

170 2031 265 2058 miehi
288 2035 311 2058 et
335 2030 492 2058 heredibus
510 2035 536 2058 et
559 2030 777 2058 suecessoribus
802 2030 877 2058 meis
896 2035 1039 2067 perpetuo
1059 2030 1138 2067 quoa

169 2084 330 2112 universas
347 2084 543 2120 possessiones
559 2087 585 2111 et
600 2083 674 2111 bona
694 2083 865 2111 immobilia
883 2087 967 2111 tnrtra
986 2084 1137 2111 munitio-

169 2145 220 2164 nes
243 2136 447 2173 predii-lorum
475 2141 644 2164 castrorum
669 2136 769 2173 posita
790 2141 816 2164 et
834 2136 971 2164 redditus
992 2136 1138 2165 vassallo—

170 2198 239 2217 rum
261 2193 431 2216 nostrorum
456 2198 529 2225 quos
549 2193 575 2217 et
597 2197 652 2225 que
674 2189 767 2225 hujus
787 2189 986 2217 alienationis
1009 2193 1138 2226 tempore

173 2242 201 2270 in
221 2242 328 2270 castris
345 2242 510 2269 habueram
534 2242 726 2276 memoratis,
754 2250 773 2269 a
793 2241 917 2270 domino
933 2251 1012 2279 papa
1034 2247 1059 2270 et
1082 2243 1138 2270 Ro-

173 2304 261 2322 mana
285 2295 403 2323 ecelesia
427 2295 456 2322 in
481 2295 604 2330 seudum
628 2295 661 2322 de
680 2299 773 2323 cetero
797 2299 968 2329 teneamus,
992 2300 1018 2323 et
1042 2296 1139 2332 ipsius

171 2347 289 2375 domini
311 2356 384 2384 pape
410 2352 436 2375 et
465 2348 595 2375 Romane
620 2347 737 2375 ecclesie
758 2348 885 2375 vassalli
908 2348 1005 2376 simus
1031 2349 1139 2376 winde

170 2404 309 2436 perpetuo
324 2405 349 2427 et
364 2400 474 2436 fideles,
493 2405 517 2428 et
531 2401 573 2428 eis
586 2405 708 2437 propter
723 2400 777 2428 hoc
791 2400 1139 2437 specialiterprestenzus

171 2453 347 2489 lionmyium
376 2454 542 2490 personale.
570 2454 626 2482 Pro
652 2462 712 2490 qua
736 2454 886 2490 siquidem
916 2455 1089 2483 venditione
1114 2460 1139 2484 et

173 2506 336 2534 traditione
353 2506 494 2542 confiteor
509 2515 555 2534 me
566 2507 708 2543 recepisse
723 2511 749 2534 et
766 2506 904 2534 habuisse
919 2515 937 2535 a
953 2507 1075 2536 domino
1086 2508 1139 2536 Be-

171 2558 288 2586 nediclo
314 2558 432 2586 domini
454 2568 530 2596 pape
558 2560 728 2587 camerario
753 2560 877 2587 nomine
903 2559 999 2597 ipsius
1022 2560 1141 2589 domini

171 2619 244 2647 pape
261 2611 389 2639 solvente
616 2612 711 2640 libras
726 2613 871 2641 bonorum
887 2613 1139 2649 proveniensium

172 2668 303 2697 senatus,
321 2664 355 2691 ele
369 2664 478 2700 quibus
492 2664 560 2692 bene
580 2674 624 2693 me
642 2673 710 2693 voco
726 2665 876 2701 quietum,
894 2667 1064 2703 eoeeeptioni
1080 2676 1141 2696 non

174 2721 330 2744 numerate
344 2717 469 2753 pecunie
487 2717 707 2746 renniitiaiulo.
727 2718 762 2746 Et
777 2719 804 2746 si
823 2718 962 2755 predicta
980 2719 1056 2747 bona
1072 2720 1142 2756 plus

177 2768 284 2801 valent,
310 2773 404 2797 totam
423 2778 439 2797 a
458 2771 590 2806 presenti
612 2770 704 2798 eidem
728 2770 852 2800 domino
870 2780 946 2808 pape
969 2777 994 2800 et
1011 2773 1141 2801 Romane

678 321 728 350 LE
753 320 896 349 LIBER
919 318 1155 349 CENSUUM
1178 318 1232 347 DE
1256 310 1443 347 L’EGLISE
1469 318 1676 347 ROMAINE.

1259 385 1376 414 ecclesie
1395 385 1472 413 dono
1491 390 1580 422 atque
1601 385 1725 414 concedo
1748 385 1838 413 libere
1859 385 1895 413 *in
1914 390 2107 422 perpetuum.
2125 385 2161 414 Et
2173 394 2230 423 pro

1260 438 1322 466 hiis
1346 439 1487 466 omnibus
1506 439 1639 474 firmiter
1656 438 1850 466 observandis
1869 438 1976 466 omnia
1992 447 2055 466 mea
2072 439 2147 467 bona
2163 447 2230 467 'mo-

1259 492 1334 520 bilia
1350 496 1375 520 et
1394 492 1565 520 immobilia
1583 491 1676 520 eidem
1695 491 1817 519 domino
1834 500 1909 528 pape
1925 496 1950 519 et
1965 492 2096 520 Romane
2111 491 2230 520 ecclesie

1259 545 1354 581 obligo
1370 549 1395 573 et
1411 545 1510 572 eadem
1526 549 1649 582 propter
1665 545 1718 572 hoc
1735 545 1908 581 specialiter
1922 544 1958 572 ab
1977 544 2018 573 eis
2028 544 2169 581 precario
2183 552 2231 571 me

1260 598 1411 626 constituo
1429 597 1590 634 possidere.
1616 597 1830 625 Renuntiando
1852 597 1880 625 in
1904 597 1965 625 hiis
1988 597 2128 625 omnibus
2143 597 2230 625 omni

1253 651 1340 687 juris
1354 651 1473 679 auoeilio
1489 651 1630 679 canonici
1647 655 1673 678 et
1692 650 1809 684 civilis,
1830 650 2047 678 consuetudini
2063 654 2088 678 et
2105 654 2225 684 statuto,

1260 708 1286 732 et
1308 705 1392 732 omni
1411 704 1542 737 actioni,
1561 704 1728 741 eri-epitom
1747 708 1773 732 et
1792 704 1837 732 rei
1857 712 1912 740 que
1928 707 2046 740 possent
2064 703 2140 732 obici
2156 711 2229 732 con-

1261 761 1306 785 tra
1331 757 1571 785 instrumentum
1601 758 1644 785 vel
1663 757 1799 792 sactum,⁸
1825 761 1851 785 et
1871 765 1927 794 pro
1951 766 1997 785 me
2020 757 2153 792 meisque
2177 755 2230 784 he-

1260 810 1382 838 redibus
1401 814 1425 838 et
1445 810 1665 838 successoribus
1688 811 1812 847 prestito
1834 810 2033 847 corporaliter
2050 810 2230 846 juramento

1257 864 1403 900 promitto
1420 863 1499 892 hanc
1518 863 1719 892 venditionem
1738 867 1764 891 et
1782 863 1887 891 omnia
1902 862 2080 900 supradicta
2096 862 2232 899 firmiter

1260 920 1285 944 et
1303 916 1333 944 in
1342 916 1525 944 violabiliter
1543 917 1572 944 in
1588 921 1765 954 perpetuum
1781 916 1937 944 observare
1953 920 1978 944 et
1993 924 2051 944 non
2067 920 2172 944 eontra
2184 922 2232 943 ve-

1260 970 1339 1004 nire,
1361 971 1410 998 sed
1425 971 1452 998 si
1473 979 1546 1007 opus
1567 974 1593 998 et
1615 978 1726 998 necesse
1750 969 1846 1005 suerit
1867 969 2000 1006 Ieyitime
2023 968 2177 1004 defendere
2195 967 2232 996 ab

1260 1023 1345 1050 omni
1359 1031 1499 1059 persona.
1520 1023 1602 1057 Ouod
1619 1023 1644 1051 si
1661 1032 1679 1051 a
1701 1032 1744 1050 me
1765 1022 1898 1058 meisque
1917 1021 2075 1050 heredibus
2092 1020 2232 1057 predicta

1260 1076 1364 1103 omnia
1379 1085 1436 1103 non
1448 1076 1566 1111 suerint
1578 1077 1743 1109 observata7
1757 1075 1803 1103 vel
1814 1075 1943 1111 quolibet
1961 1074 2045 1102 modo
2056 1074 2233 1102 venerimus

1259 1132 1364 1156 contra
1382 1128 1543 1165 premissa,
1563 1128 1730 1164 predictam
1751 1128 1917 1164 pecaniam
1939 1127 2062 1155 nomine
2081 1134 2156 1163 pene
2171 1126 2232 1155 du-

1256 1181 1340 1218 plam
1359 1181 1454 1209 eidem
1477 1181 1600 1209 domino
1615 1189 1689 1218 pape
1707 1185 1732 1209 et
1754 1181 1883 1209 Romane
1906 1180 2022 1207 ecclesie
2044 1188 2090 1207 me
2111 1180 2232 1208 solutu—-

1260 1242 1331 1262 rum
1351 1235 1508 1271 promitto,
1531 1239 1556 1262 et
1575 1243 1652 1270 pena
1675 1234 1772 1262 soluta
1795 1238 1970 1262 contractus
1994 1232 2180 1261 venditionis
2205 1236 2231 1260 et

1260 1288 1364 1315 omnia
1381 1287 1560 1324 supradicta
1578 1287 1803 1315 nichilominus
1818 1287 1909 1323 firma
1925 1290 2139 1323 permaneant.

1298 1340 1405 1368 Aetam
1423 1340 1613 1376 presentibus
1628 1340 1667 1367 acl
1688 1340 1741 1368 hoc
1757 1339 1929 1375 specialiter
1948 1339 2076 1375 rogatis,
2094 1338 2207 1366 scilieet
2221 1347 2230 1365 .·

1300 1394 1385 1421 Petro
1401 1393 1661 1429 archipresbytero
1676 1392 1782 1421 Sancti
1801 1392 1968 1426 l'aneratii,
1991 1396 2058 1419 teste
2068 1402 2077 1426 ,-

1301 1446 1430 1474 Girardo
1444 1445 1477 1473 (lc
1491 1446 1629 1480 Paliano,
1647 1449 1730 1480 tesle;

1301 1499 1385 1527 Petro
1401 1499 1434 1526 de
1451 1499 1531 1527 Bona
1548 1499 1728 1533 Marsicano,
1751 1502 1835 1533 teste,-

1299 1551 1401 1580 Lando
1414 1552 1562 1580 serviente
1577 1551 1696 1579 domini
1712 1551 1872 1588 Stephani,
1894 1555 1976 1586 teste,-

1299 1609 1326 1632 et
1338 1605 1436 1633 Mileto
1453 1605 1600 1633 serviente
1615 1604 1733 1633 domini
1747 1604 1926 1638 eainerarii,
1945 1608 2024 1632 teste.

1300 1659 1335 1686 Et
1351 1667 1401 1695 eqo
1416 1657 1581 1686 Riceardus
1596 1658 1767 1694 imperialis
1780 1657 1849 1685 aule
1861 1657 2050 1685 scriniarius
2065 1657 2144 1686 lianc
2160 1664 2231 1686 car-

1261 1716 1320 1740 tam
1339 1712 1501 1748 utriusque
1517 1711 1618 1748 partis
1634 1719 1777 1739 consensu
1795 1710 1942 1747 complevi
1957 1714 2091 1747 royalus.

1220 1868 1359 1898 CCLXI.
1375 1885 1411 1889 —
1426 1868 1576 1898 CARTULA
1591 1876 1792 1897 vizxnrrtoxis
1810 1876 1906 1896 mcxvi:
1921 1878 1937 1896 A
1954 1868 2102 1898 ιΙΟΝΑΤΗΑ
2119 1876 2229 1897 nomm

1260 1922 1380 1951 Onosis
1413 1922 1605 1950 Lasmxunm
1637 1930 1674 1950 os
1702 1921 1810 1950 VALLE
1841 1921 2011 1950 Mossoxts
2042 1930 2100 1951 Pno
2127 1929 2163 1950 se.
2191 1930 2231 1950 ET

1260 1975 1371 2004 Inuum
1389 1983 1508 2004 sonorus
1525 1983 1581 2003 sus
1594 1975 1615 2002 ¹.

1301 2081 1334 2108 In
1354 2081 1476 2108 nomine
1494 2080 1625 2115 Domini.
1647 2088 1746 2108 amen.
1765 2081 1852 2107 Anno
1873 2080 2099 2108 iia-ornationis
2117 2080 2233 2110 Christi

1261 2134 1424 2162 millesimo
1450 2133 1653 2162 ducentesimo
1676 2133 1807 2166 XXXIII,
1833 2132 2030 2169 pontificatus
2054 2133 2174 2162 domini
2198 2133 2229 2162 G.

1259 2196 1335 2224 pape
1353 2187 1426 2215 noni
1443 2195 1525 2214 anno
1540 2187 1680 2223 septimo,
1702 2195 1801 2214 mense
1817 2191 1947 2223 anqusto
1966 2186 2013 2215 elie
2029 2187 2107 2222 XXV,
2132 2187 2233 2215 indie-

1263 2241 1342 2268 tioue
1371 2240 1413 2268 VJ.
1444 2240 1503 2276 Ego
1529 2239 1676 2268 Jonatlias
1696 2239 1816 2267 domini
1845 2238 1976 2267 oddonis
1995 2239 2174 2276 Landinulfi
2198 2239 2233 2268 de

1266 2294 1345 2322 I'alle
1362 2294 1486 2321 Manton
1495 2293 1517 2321 is
1540 2293 1596 2321 hac
1616 2292 1663 2321 elie
1683 2292 1816 2329 presenti
1839 2301 1894 2329 pro
1917 2302 1960 2320 me
1978 2297 2003 2320 et
2016 2292 2233 2329 proearatorio

1262 2347 1385 2375 nomine
1399 2355 1454 2382 pro
1470 2346 1577 2374 [inilia
1592 2354 1693 2374 sorore
1711 2354 1776 2373 'mea
1788 2367 1794 2379 ‚
1812 2345 1939 2382 propria
1956 2349 1981 2374 et
1997 2350 2163 2382 spontanea
2179 2353 2233 2374 vo-

1262 2401 1379 2428 luntate
1397 2399 1491 2427 vendo
1513 2404 1538 2427 et
1558 2399 1798 2427 irrevocabiliter
1816 2398 1902 2426 trado
1926 2399 1980 2426 tibi
2001 2399 2124 2427 domino
2139 2399 2233 2428 Bene-

1261 2453 1340 2481 dicta
1364 2452 1483 2481 domini
1506 2460 1582 2488 pape
1607 2452 1777 2480 camerario
1797 2451 2010 2488 procum‘ttorio
2033 2453 2156 2480 nomine
2175 2460 2234 2489 pro

1261 2506 1385 2535 domino
1404 2514 1484 2543 papa
1502 2506 1626 2542 suisque
1643 2505 1862 2533 successoribus
1877 2504 1916 2532 ad
1931 2513 2004 2541 opus
2020 2509 2045 2533 et
2063 2505 2234 2534 utilitatem

1261 2559 1391 2588 Romane
1407 2559 1524 2587 ecclesie
1537 2558 1768 2595 inperpetuum,
1787 2557 1923 2585 videlicet
1938 2561 2028 2585 totam
2042 2562 2067 2586 et
2080 2558 2233 2595 inteyram

1259 2616 1379 2648 partem
1400 2615 1534 2639 nostram
1559 2619 1639 2639 roece
1654 2615 1680 2638 et
1698 2610 1792 2638 castri
1811 2610 1934 2638 l'aliani
1954 2614 1980 2638 et
1998 2618 2079 2638 vrocee
2095 2614 2120 2638 et
2137 2610 2235 2639 castri·

1262 2664 1414 2698 Serranis,
1433 2672 1499 2692 eam
1518 2663 1656 2692 domibus
1674 2668 1699 2692 et
1716 2663 1864 2692 casalinis
1878 2663 1962 2698 infra
1976 2671 2093 2691 roccam
2107 2663 2236 2692 Paliani

1260 2842 1284 2868 1.
1306 2841 1339 2868 25
1355 2842 1423 2868 ausit
1440 2841 1517 2868 1233.
1537 2855 1574 2861 —
1592 2840 1734 2867 Jonathas
1754 2840 1788 2866 de
1807 2839 2013 2873 Valmontone‚
2035 2847 2070 2866 en
2091 2847 2144 2866 son
2166 2847 2233 2867 nom

1222 2894 1250 2917 et
1269 2899 1306 2917 au
1329 2898 1395 2916 nom
1415 2890 1450 2916 de
1469 2898 1502 2916 sa
1520 2898 1599 2916 soeur
1619 2889 1725 2921 Imma,
1747 2888 1850 2915 cedent
1870 2890 1885 2914 ὲ
1905 2887 2024 2919 Benoit,
2047 2887 2186 2914 camon-ier
2205 2892 2235 2915 et

1222 2941 1422 2974 representant
1438 2938 1476 2965 du
1493 2946 1564 2973 pape
1581 2937 1721 2972 Gregoire
1740 2936 1782 2963 IX
1794 2958 1801 2970 ,
1823 2941 1890 2962 tous
1911 2936 1989 2962 leurs
2004 2935 2095 2962 droits
2110 2943 2162 2963 sur
2177 2929 2234 2963 Pa-

1222 2988 1297 3014 liano
1315 2991 1343 3014 et
1358 2987 1483 3013 Sei-rone
1500 2995 1571 3021 pour
1591 2985 1637 3013 166
1654 2986 1740 3012 lim-es
1757 2989 1785 3011 et
1805 2985 1833 3011 13
1850 2992 1931 3012 sous.

173 2930 197 2955 1.
215 2930 229 2955 ὃ
247 2929 348 2956 It'zvriet·
366 2931 442 2958 1233.
455 2945 490 2951 —
505 2932 597 2959 Mome
613 2933 738 2965 cessim,
755 2933 790 2960 de
805 2934 832 2960 la
847 2938 910 2969 part
925 2935 961 2961 de
977 2935 1090 2962 Hubert
1105 2937 1141 2963 de

136 2976 273 3011 Bet-aldm
291 2986 361 3012 poue
378 2987 433 3005 une
448 2988 557 3007 somme
574 2989 628 3007 non
646 2983 798 3009 transm-ite
813 2983 862 3012 ici.
