2392 3571
195 334 253 364 566
737 333 787 362 LE
810 333 954 363 LIBER
976 333 1209 364 CENSUUM
1232 333 1286 363 DE
1309 329 1495 364 L’EGLISE
1517 333 1726 364 ROMAINE.

235 409 250 424 n
271 399 354 424 brent
373 397 408 424 de
431 398 494 432 ipso
516 401 609 424 castro
632 401 660 423 et
683 398 748 432 ejus
773 397 928 424 tenimento
950 398 977 424 in
998 403 1088 425 totum
1105 399 1148 424 vel
1163 399 1191 424 in

234 457 248 471 a
270 450 390 481 partem.
406 445 486 477 Quod
503 446 527 471 si
543 453 628 472 secus
642 445 747 472 factum
763 450 808 472 est
824 446 867 472 vel
883 446 940 477 fiet,
957 447 1124 473 auctoritate
1140 447 1191 472 do-

236 506 250 519 r,
271 495 341 521 mini
357 503 427 529 pape
443 502 554 520 omnem
572 494 765 521 venditionem
777 515 784 526 ,
804 495 984 522 donationem
1003 499 1031 522 et
1047 500 1192 530 permuta-

234 555 248 568 „
268 544 373 570 tionem
390 543 537 569 denuntiat
552 543 646 571 irritas
662 547 689 569 et
703 543 813 578 inanes,
825 548 853 569 et
864 545 954 570 irritat
965 552 1013 570 eas
1024 544 1191 570 auctoritate

232 602 247 616 ι
269 591 395 626 predicta
419 596 447 617 et
469 592 552 625 juxta
577 591 741 618 mandatum
766 593 953 626 apostolicum
980 593 1039 619 vult
1062 593 1137 627 quod
1162 593 1190 620 in

233 651 246 664 »
267 640 393 674 quolibet
417 640 607 672 predictorum
631 641 757 667 locorum
780 640 827 667 fiat
849 641 883 667 de
904 642 957 667 hoc
981 642 1124 675 publicum
1146 643 1190 668 in-

233 700 246 713 »
269 692 471 715 strumentum.
490 700 501 712 »
518 688 601 715 Unde
622 689 742 724 predicti
762 693 888 717 rectores
902 691 1069 717 auctoritate
1083 690 1191 717 domini

231 745 303 772 pape
319 740 346 762 et
358 737 475 771 predicti
491 737 597 763 domini
613 737 764 764 cardinalis
777 738 932 773 predictam
945 739 1189 765 denuntiationem

230 789 259 811 et
274 785 473 811 inhibitionem
499 786 527 811 in
551 785 676 820 predicta
698 786 814 813 basilica
838 788 975 822 principis
997 789 1189 822 apostolorum

230 834 360 860 fecerunt
380 837 410 859 ut
430 834 564 868 superius
579 839 623 860 est
639 839 797 867 narratum,
816 844 911 862 coram
933 844 977 862 me
1000 837 1147 862 scriniario
1163 841 1191 863 et

232 882 356 908 testibus
379 882 579 916 infrascriptis.
604 882 686 909 Unde
711 888 810 918 rogatu
834 884 1024 918 predictorum
1047 890 1190 911 rectorum

230 931 335 966 scripsi
352 935 379 957 et
395 933 422 957 in
440 931 581 965 publicam
598 932 716 958 sormam
733 933 840 967 redegi.

266 980 374 1006 Actum
391 981 417 1006 in
434 980 508 1006 dicta
524 981 646 1007 ecclesia
662 981 800 1015 principis
816 982 1007 1016 apostolorum
1022 991 1116 1008 coram
1136 983 1190 1009 hiis

230 1028 355 1055 testibus
368 1028 402 1054 ad
417 1028 469 1054 hec
481 1029 642 1062 specialiter
659 1030 768 1056 vocatis
780 1034 808 1056 et
822 1032 939 1064 rogatis,
952 1032 1062 1057 scilicet
1075 1031 1190 1057 domino

227 1076 360 1103 Johanne
385 1076 523 1111 Stephani
550 1077 686 1112 episcopo
712 1077 910 1110 Cefaludensi,
935 1079 1050 1105 domino
1075 1080 1190 1106 Andrea

230 1125 373 1152 Johannis
398 1125 489 1160 Grilli,
513 1126 627 1152 domino
653 1126 792 1161 Gregorio
814 1127 940 1161 Odonis,
966 1128 1080 1154 domino
1108 1129 1189 1156 Petro

229 1173 367 1200 Candull‘o
385 1179 411 1201 et
426 1175 541 1201 domino
563 1176 729 1210 presbytero
749 1176 865 1202 Andrea
887 1178 1033 1203 canonicis
1053 1178 1190 1212 principis

227 1223 434 1258 apostolorum.

265 1271 326 1306 Ego
345 1271 481 1298 Nicolaus
501 1272 639 1299 Gnalterii
660 1279 758 1300 sancte
779 1274 908 1300 Romane
929 1276 1050 1301 ecclesie
1071 1276 1188 1301 scrinia-

230 1321 302 1349 rius.
328 1321 393 1354 quia
417 1321 552 1355 pre-lictis
571 1322 705 1348 omnibus
731 1331 850 1356 presens
869 1327 897 1349 et
921 1328 1040 1357 rogatus
1064 1324 1188 1355 interfui,

229 1370 333 1404 scripsi
350 1375 376 1396 et
391 1370 532 1404 publicavi
549 1375 677 1404 rogatus.

194 1523 323 1557 1CCCVJ.
342 1538 378 1545 -—
397 1524 438 1550 Da
460 1533 548 1551 nonsit
561 1528 579 1552 ¹.

262 1624 294 1651 In
318 1625 431 1651 nominc
455 1625 580 1659 Domini,
604 1635 696 1653 amen.
718 1627 804 1653 Anno
825 1627 967 1654 dominice
985 1629 1189 1656 incarnationis

225 1672 449 1705 Moccothiio,
467 1674 648 1708 pontificatus
667 1675 775 1701 domini
793 1675 901 1702 Urbani
917 1678 1008 1711 quarti
1027 1686 1097 1712 pape
1113 1687 1187 1705 auno

225 1722 364 1756 secundo,
382 1723 536 1749 indictione
554 1723 604 1755 VI,
622 1732 719 1750 mense
731 1725 856 1758 januarii
873 1725 917 1751 dic
935 1726 1004 1752 XX.
1019 1726 1088 1753 Cum
1102 1736 1188 1754 rene-

225 1770 325 1796 rabilis
354 1774 432 1805 pater
456 1771 591 1797 dominus
617 1771 777 1799 Riccardus
802 1773 898 1800 Sancti
920 1775 1022 1808 Angeii
1050 1777 1188 1803 diaconus

226 1818 378 1844 cardinalis
401 1828 435 1844 ex
459 1824 537 1853 parte
555 1820 661 1846 domini
686 1829 756 1855 pape
776 1822 932 1856 recepisset
952 1823 1060 1849 litteras
1083 1825 1111 1850 in
1135 1826 1188 1851 hac

224 1867 315 1893 forma
336 1877 342 1893 ε
366 1878 379 1890 u
404 1867 538 1893 Urbanus
562 1880 574 1891 n
596 1873 623 1894 et
644 1873 747 1903 cetera,
775 1874 803 1896 ut
824 1870 850 1896 in
876 1872 964 1905 prima
988 1873 1079 1899 littera
1097 1882 1187 1908 usque

227 1925 240 1938 ιι
256 1915 394 1942 secundo.
412 1926 424 1940 n
444 1915 551 1942 Yolens
569 1918 656 1951 igitur
672 1919 732 1952 ipse
749 1919 883 1945 dominus
903 1921 1054 1947 cardinalis
1071 1924 1187 1949 manda-

225 1967 287 1990 tum
302 1965 490 1998 apostolieum
513 1966 674 1992 executioni
696 1968 843 2000 mandare,
869 1970 1058 1995 venerabilem
1080 1976 1186 2004 patrem

226 2013 374 2039 dominum
404 2013 578 2047 Hngolinum
605 2016 772 2049 episcopum
803 2016 995 2044 Larellensein
1024 2028 1089 2046 cuin
1117 2021 1187 2046 sub-

227 2062 347 2096 scriptis
362 2063 485 2088 testibus
501 2064 534 2089 ad
552 2063 654 2090 dictam
670 2065 866 2092 inhibitionem
883 2068 1039 2094 faciendam
1057 2078 1189 2103 persona-

226 2111 291 2136 liter
310 2111 475 2138 destinavit.
494 2112 540 2138 Ad
560 2113 634 2147 quod
660 2113 793 2140 dominus
817 2115 972 2150 episcopus
994 2118 1134 2145 accedens
1153 2120 1187 2146 ad

225 2159 368 2194 quandam
383 2161 498 2186 domum
516 2159 620 2187 Colisei
634 2163 662 2188 in
678 2171 733 2197 qua
749 2163 843 2190 dictus
859 2164 946 2191 frater
960 2165 1105 2193 Jordanus
1122 2176 1187 2194 cum

226 2208 342 2242 propria
365 2209 427 2234 avia
453 2209 626 2243 morabatur,
650 2215 716 2245 post
741 2212 891 2239 lectionem
916 2218 944 2240 et
968 2215 1188 2249 publicationem

225 2257 331 2284 ibidem
351 2257 452 2284 factam
476 2259 703 2292 supradictarum
720 2260 875 2288 litterarum
892 2263 1052 2290 secundum
1068 2265 1187 2292 sormam

230 2305 357 2332 mandati
372 2307 520 2341 apostolici
537 2308 650 2341 publice
668 2309 735 2335 fecit
757 2310 955 2337 inhibitionem
972 2314 1134 2346 generalem
1154 2324 1188 2341 ne

228 2355 323 2381 dictus
338 2356 425 2381 frater
439 2355 583 2383 Jordanus
599 2361 627 2383 et
647 2360 774 2392 germani
792 2361 855 2393 ejus
872 2360 994 2387 vendere
1009 2366 1038 2388 et
1052 2364 1136 2389 etiam
1153 2373 1188 2390 ne

227 2403 331 2438 aliquis
359 2404 519 2438 predictum
543 2409 669 2432 castrum
697 2406 803 2434 Jullani
834 2409 934 2443 ejusve
961 2412 1146 2444 pertinentias
1173 2422 1189 2439 a

228 2453 356 2487 predicto
379 2453 464 2479 fratre
485 2453 610 2480 Jordano
636 2456 734 2482 suisve
762 2457 897 2484 fratribus
918 2467 1012 2485 emere
1038 2468 1089 2487 seu
1117 2470 1189 2495 quo-

229 2510 353 2536 cumque
368 2502 451 2529 modo
468 2503 521 2529 alio
535 2503 712 2531 alienationis
729 2506 810 2532 titulo
826 2507 952 2542 recipere
968 2510 1189 2542 quomodocum-

226 2559 282 2585 que
302 2555 480 2585 presumant.
501 2551 535 2578 Et
549 2553 686 2587 quicquid
707 2562 756 2587 per
775 2563 825 2581 eos
848 2555 909 2581 sive
926 2564 975 2590 per
990 2566 1189 2594 quoscumque

227 2603 322 2625 actum
340 2604 418 2626 esset
436 2600 481 2626 vel
501 2601 529 2626 in
552 2605 696 2635 posterum
720 2602 781 2628 fieri
801 2604 955 2638 contigerit
975 2607 1012 2632 sit
1034 2607 1144 2634 irritum
1161 2613 1190 2635 et

227 2647 323 2674 inane.
349 2647 430 2680 Quod
456 2649 581 2675 scribere
605 2651 716 2684 rogavit
741 2660 786 2677 me
812 2652 956 2680 Matlieum
980 2655 1054 2681 sacri
1076 2657 1189 2691 imperii

227 2696 419 2730 scriniarium,
435 2697 462 2723 in
479 2706 579 2724 mense
595 2703 623 2724 et
637 2699 792 2726 indictione
808 2702 1024 2737 suprascriptis.

1344 399 1388 425 Ad
1405 400 1457 426 hec
1472 399 1664 426 interfuerunt
1678 399 1771 434 rogati
1793 403 1884 426 testes
1901 409 1907 426 :
1925 399 2096 427 Guillelmus
2115 400 2149 427 de
2170 400 2267 428 Vena-

1307 447 1359 477 fro,
1376 447 1508 474 Andreas
1522 447 1701 480 Tiburtinus,
1718 448 1832 475 Madius
1847 453 1875 474 et
1890 448 2022 475 Matheus
2037 448 2071 474 de
2087 456 2208 476 camera.

1343 495 1377 522 Et
1393 504 1446 530 ego
1462 495 1594 522 Matbeus
1609 497 1683 523 sacri
1697 497 1809 531 imperii
1825 496 2008 530 scriniarius,
2030 497 2105 523 filius
2124 497 2268 531 quondam

1307 544 1454 570 Benedicti
1479 545 1617 571 scriniarii
1641 548 1670 571 et
1698 545 1800 572 medici
1824 544 1858 571 de
1888 544 2046 572 Calcarario
2073 545 2180 580 Rome,
2201 554 2268 581 pre-

1307 593 1392 619 dictis
1406 593 1521 620 interfui
1537 597 1564 619 et
1581 602 1612 619 ea
1629 597 1746 628 rogatus
1762 594 1866 628 scripsi
1888 593 1980 628 adque
2000 593 2028 620 in
2051 594 2191 628 publicam
2207 594 2268 620 for-

1307 651 1380 669 mam
1398 642 1506 676 redegi.

1275 796 1415 831 [cccvii.
1436 811 1470 817 --
1491 797 1534 824 DE
1554 801 1675 825 noni-221¹.

1341 898 1373 925 In
1401 899 1514 924 nomine
1542 899 1671 932 Domini,
1698 907 1790 925 amen.
1814 899 1899 925 Anno
1928 898 2056 934 ejusdem
2083 897 2266 930 MCCLXIIL

1307 955 1404 973 mense
1421 949 1553 981 januario
1575 948 1619 973 die
1643 947 1784 980 XXVIII,
1807 947 1962 973 indictione
1989 947 2042 979 Vl,
2068 952 2195 981 tempore
2216 947 2268 974 do-

1307 997 1375 1022 mini
1399 995 1506 1023 Urbani
1533 1004 1602 1030 pape
1625 997 1729 1030 quarti.
1753 995 1824 1022 Cum
1846 996 2015 1022 venerabilis
2037 1001 2115 1030 pater
2134 996 2268 1022 dominus

1307 1044 1465 1070 Hice-ardus
1496 1044 1592 1070 Sancti
1626 1045 1731 1078 Angeli
1764 1044 1903 1070 diaconus
1931 1044 2082 1070 cardinalis
2113 1045 2220 1070 litteras
2253 1053 2269 1070 a

1306 1101 1419 1118 summo
1436 1092 1569 1126 pontifice
1586 1093 1744 1127 recepisset
1759 1101 1844 1119 sanas
1859 1097 1888 1119 et
1904 1093 2047 1127 integras,
2066 1101 2120 1119 uon
2137 1093 2267 1127 abolitas,

1307 1150 1362 1167 non
1379 1142 1505 1175 abrasas,
1523 1150 1576 1168 nee
1592 1141 1619 1167 in
1640 1141 1733 1176 aliqua
1749 1141 1795 1168 sui
1811 1147 1890 1176 parte
1907 1141 2034 1173 vitiatas,
2051 1150 2170 1176 quarum
2188 1145 2269 1168 tenor

1307 1194 1351 1215 est
1377 1190 1451 1222 talis,
1476 1195 1504 1216 et
1523 1195 1616 1216 cetera
1642 1195 1672 1216 ut
1692 1199 1779 1224 supra
1799 1191 1827 1217 in
1848 1191 1936 1224 prima
1956 1190 2049 1216 littera
2074 1198 2165 1224 usque
2186 1200 2199 1213 α
2220 1197 2270 1216 se-

1306 1238 1411 1271 cundo,
1429 1250 1440 1261 n
1459 1238 1550 1272 adque
1567 1238 1730 1264 mandasset
1747 1239 1914 1273 presbytero
1929 1238 2039 1265 Jacobo
2055 1239 2159 1265 clerico
2171 1238 2270 1265 Sancti

1307 1286 1452 1313 Laurentii
1473 1287 1499 1313 in
1523 1287 1651 1313 Min-anda
1666 1292 1693 1313 et
1711 1287 1878 1321 presbytero
1894 1287 2034 1321 Gregorio
2051 1287 2154 1313 clerico
2171 1287 2269 1314 Sancti

1307 1335 1414 1369 Apoliti
1431 1336 1464 1360 de
1479 1335 1578 1366 Treio,
1599 1336 1757 1361 rectoribus
1780 1335 1967 1362 fraternitatis
1989 1336 2156 1362 clericorum
2181 1335 2269 1362 Urbis

1308 1388 1337 1409 ut
1364 1383 1526 1409 mandatum
1551 1385 1636 1417 cujus
1664 1388 1745 1409 tenor
1770 1383 1889 1409 inferius
1913 1388 2064 1410 annotatur
2094 1384 2121 1409 in
2147 1383 2269 1410 eeclesia

1307 1432 1402 1458 Sancti
1425 1431 1569 1458 Laurentii
1592 1437 1672 1458 extra
1694 1440 1793 1458 muros
1815 1433 1842 1458 in
1864 1440 1920 1466 qua
1940 1437 2000 1459 erat
2021 1433 2105 1459 statio
2125 1433 2201 1459 dicta
2223 1433 2268 1459 die

1306 1481 1433 1515 legerent
1449 1490 1481 1507 ac
1500 1480 1584 1506 etiam
1607 1481 1799 1515 publicarent,
1818 1481 1903 1506 iidem
1926 1486 2054 1507 rectores
2075 1482 2102 1507 in
2124 1482 2269 1516 presentia

1304 1530 1360 1555 mei
1389 1529 1490 1555 notarii
1521 1534 1549 1555 et
1575 1529 1693 1555 testium
1722 1529 1951 1563 subscriptorum
1980 1530 2072 1564 ipsum
2105 1531 2268 1557 mandatum

1305 1579 1436 1613 legerunt
1456 1579 1483 1604 in
1507 1578 1581 1605 dicta
1604 1579 1725 1604 ecclesia
1744 1578 1841 1604 Sancti
1859 1578 2004 1605 Laurentii
2026 1584 2105 1606 extra
2125 1587 2222 1606 muros
2241 1583 2270 1606 et

1306 1628 1461 1662 vulgariter
1484 1627 1677 1661 publicarunt.
1703 1626 1796 1653 Tener
1820 1633 1915 1653 autem
1938 1627 2031 1660 ipsius
2056 1628 2179 1654 mandati
2204 1629 2268 1655 talis

1305 1680 1349 1702 est
1377 1687 1381 1701 z
1413 1686 1425 1698 «
1450 1675 1564 1701 Mandat
1589 1675 1723 1701 dominus
1753 1684 1824 1710 papa
1848 1684 1897 1710 per
1926 1676 2035 1702 litteras
2057 1684 2125 1703 suas
2152 1677 2268 1703 domino

1306 1736 1318 1749 η
1341 1725 1378 1752 R.
1409 1724 1506 1750 Sancti
1535 1725 1639 1758 Angeli
1669 1724 1788 1750 diacono
1814 1724 1949 1751 cardinali
1969 1724 2044 1759 quod
2070 1733 2134 1751 cum
2161 1725 2270 1752 audivit

1305 1785 1318 1797 n
1340 1775 1414 1807 quoi
1433 1778 1559 1799 castrum
1575 1773 1681 1799 Juliani
1704 1774 1780 1808 quod
1797 1778 1842 1800 est
1861 1774 1984 1808 speciale
2000 1779 2126 1800 castrum
2148 1775 2269 1801 ecclesie

1306 1835 1317 1847 i)
1340 1823 1468 1849 Romane
1489 1828 1517 1848 et
1534 1823 1609 1856 quod
1630 1824 1714 1848 frater
1729 1822 1876 1849 Jordanus
1897 1824 2055 1850 monachus
2078 1823 2167 1850 Fosse
2188 1823 2270 1850 Nove

1306 1884 1317 1895 n
1339 1872 1415 1897 filius
1429 1874 1440 1890 ‘2
1463 1871 1570 1897 domini
1592 1871 1734 1897 Guidonis
1754 1872 1788 1897 de
1805 1870 1930 1898 Jordano
1946 1876 1974 1898 ct
1990 1873 2091 1898 fratres
2106 1873 2151 1899 sui
2168 1878 2269 1899 tenue-

1307 1932 1318 1944 »
1341 1924 1407 1946 runt
1423 1924 1594 1954 occupatum
1611 1920 1692 1945 vendi
1710 1920 1820 1952 debeat,
1840 1925 1868 1946 ut
1884 1920 1945 1954 ipsc
1961 1921 2112 1947 cardinalis
2128 1921 2211 1948 faciat
2226 1922 2271 1948 iu-

1306 1981 1318 1993 »
1341 1969 1429 1995 hiberi
1451 1969 1563 2003 publice
1586 1970 1632 1995 ubi
1650 1970 1749 1995 viderit
1771 1970 1923 2003 expedire,
1945 1970 2020 2004 quod
2043 1971 2145 1996 nullam
2168 1970 2269 1997 vendi-

1306 2029 1317 2041 „
1341 2018 1466 2048 tionem,
1491 2017 1674 2043 donationem
1697 2018 1739 2043 vel
1761 2018 1999 2052 permutationem
2022 2018 2127 2044 faciant
2148 2019 2183 2044 de
2206 2019 2269 2054 ipso

1306 2078 1318 2091 ι)
1339 2072 1433 2093 castro
1449 2071 1476 2092 et
1496 2068 1561 2101 ejus
1586 2067 1741 2092 tenimento
1757 2067 1785 2092 in
1805 2071 1895 2093 totum
1917 2068 1960 2093 vel
1976 2067 2004 2093 in
2029 2071 2116 2102 parte.
2133 2068 2269 2103 Alioquin

1306 2127 1317 2139 »
1339 2117 1364 2142 si
1385 2116 1428 2141 vel
1444 2116 1492 2142 fiet
1514 2116 1558 2141 vel
1583 2116 1658 2141 faeta
1673 2116 1725 2148 sit,
1744 2116 1835 2150 ipsam
1860 2115 2068 2150 venditionem,
2088 2116 2270 2143 donationem

1306 2177 1318 2188 »
1340 2165 1383 2190 vel
1415 2165 1653 2199 permutationem
1687 2164 1837 2191 denuntiet
1870 2165 1977 2191 irritam
2013 2169 2041 2191 et
2074 2165 2187 2192 inanem
2201 2186 2208 2196 ,
2241 2168 2270 2192 et

1306 2224 1318 2237 n
1341 2222 1427 2247 super
1444 2214 1497 2239 hoc
1512 2213 1615 2239 confici
1630 2214 1715 2239 saciat
1735 2213 1881 2248 publicum
1899 2214 2133 2240 instrumentum.
2149 2213 2270 2248 Propter

1305 2273 1317 2285 n
1340 2262 1414 2296 quod
1438 2261 1512 2288 idem
1533 2262 1668 2288 dominus
1690 2261 1843 2288 cardinalis
1866 2261 2033 2288 deliberavit
2055 2262 2138 2288 hodic
2159 2262 2203 2288 die
2218 2262 2270 2288 do-

1306 2321 1318 2334 »
1341 2310 1446 2336 minico
1475 2311 1549 2348 hanc
1583 2310 1782 2336 inhibitionem
1816 2314 1844 2336 et
1879 2310 2123 2337 denuntiationem
2157 2311 2269 2346 publice

1304 2370 1317 2385 ι)
1340 2360 1401 2386 fieri
1434 2368 1484 2394 per
1517 2364 1644 2386 rectores
1677 2361 1706 2386 in
1739 2360 1855 2386 basilica
1889 2359 2027 2394 principis
2055 2360 2268 2394 apostolorum,

1307 2419 1318 2432 n
1341 2409 1369 2435 in
1390 2409 1512 2435 ecclesia
1528 2415 1626 2435 sancte
1647 2408 1733 2434 Mai-ie
1757 2408 1885 2442 Maioris,
1903 2408 1931 2434 in
1949 2408 2072 2435 ecclesia
2087 2409 2178 2435 sancti
2194 2408 2268 2435 Lau-

1307 2468 1318 2481 »
1342 2458 1426 2483 rentii
1443 2458 1490 2484 ubi
1506 2461 1551 2483 cst
1567 2458 1650 2483 statio
1667 2459 1729 2491 ipsa
1744 2457 1799 2483 die.
1824 2457 1922 2484 Monet
1944 2465 2012 2491 ergo
2033 2461 2061 2483 et
2077 2457 2189 2484 mandat
2205 2465 2270 2492 pre-

1307 2520 1319 2532 »
1341 2508 1436 2534 dictus
1452 2508 1586 2534 dominus
1599 2508 1750 2534 cardinalis
1763 2517 1798 2534 ex
1813 2513 1892 2543 parte
1909 2508 2015 2534 domini
2027 2517 2098 2543 pape
2111 2508 2269 2543 predictum

1306 2568 1318 2582 υ
1340 2557 1457 2583 fratrem
1481 2557 1639 2583 Jordanum
1665 2561 1692 2583 et
1717 2565 1916 2591 quoscumque
1940 2557 2012 2583 alios
2035 2565 2069 2583 ne
2092 2557 2216 2583 vendant
2236 2564 2270 2583 ac

1308 2617 1320 2630 n
1343 2614 1444 2632 omnes
1467 2610 1611 2641 emptores
1632 2615 1666 2632 ne
1688 2610 1785 2632 emant
1804 2606 1848 2632 vel
1873 2607 1900 2632 in
1925 2606 2107 2632 donationem
2131 2606 2270 2641 recipiant

1308 2667 1320 2679 n
1341 2659 1390 2682 aut
1405 2659 1584 2682 contractum
1600 2655 1818 2690 permutationis
1834 2655 1980 2681 celebrent
1999 2654 2035 2681 de
2054 2655 2118 2689 ipso
2133 2658 2227 2681 castro
2242 2658 2271 2681 et

1307 2839 1331 2864 1.
1348 2838 1451 2869 Rome,
1469 2837 1502 2864 ‘28
1515 2838 1628 2872 janvier
1644 2837 1720 2865 1-263.
1736 2853 1767 2857 —
1783 2836 1837 2864 Les
1853 2840 1983 2864 recteurs
1998 2836 2035 2864 du
2051 2837 2146 2871 cierge
2161 2837 2269 2864 romain

227 2876 253 2903 1.
273 2876 379 2910 Rome,
399 2878 434 2905 20
451 2879 564 2912 janvier
581 2880 657 2907 1253.
678 2895 714 2901 —
734 2880 873 2916 Ugofino,
891 2885 998 2918 eveque
1015 2885 1049 2911 de
1064 2885 1187 2919 Lavello,

189 2931 228 2950 au
243 2932 308 2950 nom
325 2927 362 2952 du
377 2926 499 2953 cardinal
519 2927 659 2961 Richard,
681 2929 794 2964 signifie
815 2931 839 2957 la
858 2934 1046 2966 protestation
1062 2934 1099 2961 du
1116 2944 1189 2971 pape

193 2980 230 2998 au
245 2974 341 3000 moine
356 2974 489 3008 Giordao,
505 2977 521 3002 a
536 2984 588 3003 son
606 2977 738 3004 domicile
755 2980 874 3014 romain,
891 2989 926 3007 au
942 2981 1063 3009 Colisee.

1271 2887 1415 2922 publicat,
1437 2888 1452 2913 a
1473 2886 1696 2913 saint-Laurenti
1713 2886 1782 2913 hors
1800 2886 1842 2912 les
1862 2893 1956 2918 murs,
1978 2886 2003 2912 la
2022 2886 2211 2920 protestation
2230 2885 2269 2913 du

1270 2935 1396 2962 cardinal
1412 2935 1549 2962 Richard.

1306 2984 1332 3012 2.
1351 2985 1413 3012 Coa.
1429 2984 1490 3012 filii.
