2392 3571
155 319 214 348 584
696 316 744 345 LE
767 315 911 345 LIBER
934 314 1165 345 CENSUUM
1188 314 1242 343 DE
1264 303 1450 343 L’E'GIJSE
1472 312 1681 344 ROMAINE.

197 383 305 411 suerint
319 386 368 408 aut
388 382 472 408 etiam
494 381 606 416 publice
630 381 769 412 usurarii,
793 381 938 414 sepultura
961 380 1153 407 ecclesiastica

199 440 255 458 non
272 434 402 465 negetur.
419 429 594 464 Receptores
609 437 721 463 quoque
737 429 921 455 fraternitatis
934 433 960 455 et
972 429 1153 455 collectarum

196 480 328 514 ipsarum
341 479 418 505 salvo
427 479 491 512 jure
503 477 680 504 dominorum
693 486 810 504 suorum
822 477 875 503 sub
886 478 958 504 beati
970 477 1043 504 Petri
1055 482 1081 503 et
1093 485 1155 506 nos·

195 532 239 555 tra
256 528 431 563 protectione
448 527 633 561 suscipimus,
651 531 809 553 statuentes
825 530 854 553 ut
871 527 894 553 si
911 527 958 561 qni
978 527 1094 553 fratrum
1111 527 1153 560 ip-

199 585 298 603 sorum
315 576 363 610 qui
376 576 409 601 ad
426 575 538 601 easdem
555 575 745 601 fraternitates
756 576 836 601 missi
848 575 952 601 fuerint
967 575 1008 601 vel
1020 576 1152 601 collectas

196 625 224 651 in
249 624 405 659 quamlibet
428 623 586 654 civitatem,
614 623 760 649 castellum
786 624 827 649 vel
853 624 947 650 vicum
971 624 1152 650 interdictum

194 672 371 703 advenerint,
388 672 415 697 in
433 680 529 697 eorum
545 671 673 705 jocundo
690 671 812 697 adventu
829 672 916 698 semel
932 673 1094 706 aperiantur
1109 681 1152 698 ec-

197 721 285 748 clesie
301 720 445 746 annuatim
462 724 490 746 et
501 720 754 746 excommunicatis
770 725 797 746 et
814 721 977 746 nominatim
995 721 1152 746 interdictis

195 770 298 804 ejectis
314 769 408 795 divina
430 769 467 794 ibi
491 769 579 794 officia
599 768 786 798 celebrentur,
811 773 839 794 ut
859 778 946 803 super
970 769 1153 795 helemosinis

198 817 381 853 acquirendis
405 818 523 843 verbnm
546 818 731 843 exortationis
752 816 784 842 ad
810 818 942 852 populum
969 822 1150 852 proponatur,

195 867 274 894 salva
289 867 316 892 in
333 867 465 892 omnibus
482 866 655 899 supradictis
671 866 857 892 declaratione
874 867 984 892 concilii
1001 867 1150 899 generalis.

199 915 272 941 Date
289 915 375 949 igitur
391 915 593 941 helemosinani
618 919 647 940 ut
668 915 761 940 omnia
783 915 886 940 niunda
903 916 960 941 sint
976 916 1066 946 vobis,
1083 924 1153 949 quo-

200 965 276 990 niam
295 964 468 990 helemosina
484 973 498 989 a
512 968 600 989 morte
616 963 715 989 liberat
730 968 757 989 et
774 964 833 998 ipsa
850 968 961 998 estque
980 969 1079 997 purgat
1093 972 1154 997 pcc-

196 1017 260 1039 cata
274 1017 302 1038 et
318 1012 384 1038 facit
399 1012 527 1038 invenire
542 1012 626 1038 vitam
644 1018 783 1045 eternam,
800 1014 865 1046 quia
882 1012 956 1038 sicut
972 1021 1043 1046 aqua
1060 1013 1154 1045 ignem

199 1061 349 1088 ardentem
360 1062 500 1094 extinguit
512 1062 554 1087 sic
569 1061 742 1087 helemosina
754 1066 868 1094 peccato
879 1061 995 1086 resistit.
1008 1075 1040 1080 —
1051 1061 1154 1087 Datum

195 1110 319 1137 Vitorbii
337 1110 360 1135 V
377 1111 430 1136 kal.
444 1111 519 1144 julii,
536 1111 717 1145 pontificatus
735 1110 821 1136 nostri
838 1118 911 1136 auno
928 1111 1019 1136 tertio.

166 1290 417 1326 leccxxxvlli.
444 1305 477 1311 --
501 1291 606 1318 Cam-scs
632 1300 649 1317 ιι
673 1300 816 1317 uincantur
843 1300 956 1317 anonam
982 1299 1032 1317 rao
1057 1300 1156 1317 casuro

199 1339 323 1366 Livium
337 1351 352 1366 A
369 1348 470 1366 DOMtNO
485 1340 657 1366 Arusnatium
670 1343 687 1365 ¹.

238 1455 373 1488 Pelagius
389 1454 569 1480 miseratione
585 1455 680 1480 divina
699 1454 871 1480 Albanensis
887 1455 1055 1488 episcopus,
1073 1463 1157 1488 apos-

201 1503 286 1529 totice
303 1502 380 1528 sedis
397 1503 519 1535 legatus,
535 1502 644 1527 dilectis
660 1502 726 1527 filiis
742 1502 854 1527 clericis
869 1503 989 1528 ecclesie
1004 1504 1088 1528 castri
1106 1502 1158 1528 La-

202 1551 283 1577 vadic
299 1551 421 1576 salutem
445 1552 471 1576 in
497 1550 628 1577 Domino.
652 1550 721 1576 Cum
745 1551 847 1576 nobilis
864 1552 905 1577 vir
927 1551 992 1577 Otto
1013 1552 1047 1577 de
1064 1552 1159 1578 Rocca

201 1599 334 1625 dominus
350 1599 527 1625 Athenarum
539 1619 546 1632 ‚
562 1599 621 1624 zelo
642 1599 735 1625 divine
752 1600 864 1634 pietatis
879 1608 1019 1626 accensus
1032 1605 1158 1627 castrum

202 1647 323 1674 Lavadie
342 1657 405 1674 cuin
429 1648 607 1682 pertinentiis
636 1650 697 1675 suis
720 1649 801 1674 nobis
826 1651 938 1676 nomine
964 1650 1090 1676 Romane
1112 1660 1159 1677 ec-

201 1697 288 1723 clesie
312 1697 355 1731 pie
378 1697 490 1723 duxerit
510 1701 537 1722 et
561 1697 780 1723 misericorditer
802 1699 975 1724 offerentium
1002 1704 1029 1725 et
1057 1701 1160 1733 pariter

199 1746 417 1779 conserendum,
435 1754 486 1772 nos
501 1746 679 1772 devotionem
696 1750 724 1772 et
745 1748 820 1781 pinni
839 1749 1013 1782 propositum
1029 1749 1159 1782 ejusdem

202 1795 306 1820 nobilis
322 1796 512 1828 attendentes,
530 1795 556 1820 in
570 1794 683 1821 seudum
696 1796 786 1821 eidem
800 1797 884 1822 nobili
898 1801 1022 1823 castrum
1039 1806 1159 1823 conces-

201 1843 293 1868 simus
317 1843 528 1876 supradictum,
556 1852 605 1877 pro
632 1852 687 1877 qno
711 1844 795 1878 ligius
821 1849 847 1870 et
870 1845 954 1870 homo
978 1851 1160 1872 sacrosancte

205 1891 334 1917 Romane
348 1892 468 1917 ecclesie
483 1897 509 1917 ct
525 1893 679 1926 apostolice
696 1893 773 1918 sedis
788 1898 832 1918 est
853 1894 944 1919 sactus
960 1895 1061 1920 nobilis
1077 1904 1160 1929 sepe-

204 1939 311 1966 dictus.
332 1939 366 1965 Et
388 1940 420 1965 ad
442 1941 570 1973 ejusdem
597 1945 690 1966 nostre
713 1942 911 1968 concessionis
932 1942 1067 1968 indicium
1089 1943 1161 1969 duas

204 1996 316 2014 marcas
344 1989 454 2021 argenti
483 1990 571 2021 gratis
602 1989 692 2015 solvet
728 1991 787 2015 sedi
819 1991 974 2024 apostolice
1002 1994 1159 2019 annuatim.

204 2036 372 2071 Eapropter,
386 2038 479 2062 dilecti
492 2038 517 2062 in
533 2037 653 2063 Domino
665 2038 723 2071 filii,
739 2038 867 2072 ejusdem
881 2039 983 2066 nobilis
995 2041 1084 2074 justis
1097 2050 1162 2075 pre-

203 2085 286 2112 cibus
301 2085 441 2115 inclinati,
460 2091 584 2112 castrum
608 2087 700 2120 ipsum
718 2092 745 2113 et
764 2088 913 2114 ecclesiam
930 2090 1058 2123 ejusdem
1075 2091 1162 2116 castri

203 2135 233 2160 in
250 2134 312 2160 solo
332 2134 404 2160 beati
426 2133 502 2160 Petri
522 2134 665 2161 fundatam
684 2144 737 2169 que
754 2139 863 2162 tantum
877 2137 975 2171 adjus
990 2142 1017 2164 et
1034 2139 1162 2173 proprie-

208 2186 295 2209 tatem
325 2183 398 2209 beati
430 2182 504 2209 Petri
530 2183 709 2217 dignoscitur
730 2185 886 2219 pertinere,
907 2186 961 2212 sub
984 2187 1057 2213 beati
1087 2187 1161 2214 Petri

205 2235 235 2258 et
261 2232 433 2266 apostolice,
459 2232 550 2265 [sedis]
576 2234 750 2267 protectione
771 2235 947 2269 suscipimus
968 2239 995 2262 et
1021 2237 1162 2270 presentis

211 2281 312 2314 scripti
330 2281 506 2316 patrocinio²
528 2282 756 2315 communimus,
774 2283 931 2310 districtius
950 2284 1111 2311 inhibentes
1128 2294 1162 2312 ne

202 2330 271 2364 quis
286 2330 441 2364 episcopus
456 2338 507 2356 seu
523 2330 576 2356 alla
597 2331 790 2358 ecelesiastica
806 2333 980 2359 secularisve
996 2342 1118 2368 persona
1133 2334 1161 2360 in

201 2378 301 2405 eadem
326 2378 448 2404 ecclesia
464 2378 692 2412 jurisdictionem
713 2381 834 2415 aliquam
857 2382 911 2408 sibi
933 2386 1039 2408 temere
1059 2382 1162 2410 audeat

199 2435 350 2461 usurpare.
380 2426 489 2453 Crisma
518 2436 599 2459 vero,
628 2429 720 2455 oleum
750 2433 899 2462 sanctum,
930 2432 1162 2459 consecrationes

198 2477 348 2509 altarium,
376 2476 571 2503 ordinationes
597 2477 766 2504 clericorum
791 2479 837 2512 qui
863 2479 896 2505 ad
921 2487 1018 2506 sacros
1047 2481 1162 2507 ordines

198 2525 307 2552 fuerint
322 2525 516 2559 promovendi,
533 2534 549 2552 a
568 2534 740 2561 quocunque
756 2528 913 2554 malueritis
930 2529 1095 2564 suscipietis
1110 2538 1162 2556 an-

200 2715 227 2743 1.
243 2714 394 2742 Scandabli
408 2715 450 2749 (ἳ),
464 2716 494 2742 ‘2¹
509 2717 574 2750 juin
593 2716 670 2743 1214.
684 2731 718 2737 —
730 2717 875 2751 Mun-atori,
888 2721 963 2753 Ant..
977 2723 996 2746 t.
1010 2720 1046 2751 V,
1059 2729 1086 2755 p.
1098 2721 1160 2748 835.

162 2777 198 2782 —
225 2763 342 2797 Pelage,
362 2765 469 2798 eveque
490 2764 630 2791 d'Albano
653 2770 680 2792 et
702 2766 775 2800 legat
798 2767 834 2793 du
858 2776 928 2802 pape
951 2768 1091 2796 innocent
1110 2769 1161 2803 ΙΙΙ,

163 2810 259 2837 donne
275 2820 309 2837 en
327 2812 374 2838 fief
387 2814 402 2837 a
416 2812 510 2839 Otbon
527 2813 562 2838 de
578 2814 602 2839 la
619 2813 727 2844 Roche,
745 2814 800 2841 duc
816 2815 983 2846 d'Athenes.
1002 2817 1026 2843 le
1042 2819 1160 2845 chateau

166 2858 204 2885 de
220 2858 334 2886 Livadia
350 2865 378 2887 et
398 2861 452 2887 fixe
476 2863 490 2887 a
512 2861 587 2887 deux
609 2870 702 2888 mares
718 2863 846 2896 d'argent
864 2865 889 2891 le
909 2873 978 2892 cens
993 2867 1096 2893 annuel
1113 2867 1161 2902 qui

165 2914 232 2933 sera
246 2907 285 2933 du
299 2916 334 2934 au
352 2908 546 2943 Saint-Siege.
560 2909 601 2936 Cf.
619 2911 714 2943 Emere,
732 2920 759 2945 p.
780 2912 836 2938 1⁶27.

201 2955 229 2981 2.
246 2956 308 2982 Cod.
325 2956 431 2990 scripto
449 2957 603 2991 patrocino.

1268 379 1372 410 tistite,
1389 378 1528 413 siquidem
1550 379 1706 405 catholicus
1722 379 1806 405 fuerit
1818 382 1846 404 et
1860 379 2108 405 communionem¹
2125 386 2225 406 sacro-

1269 432 1367 453 sancte
1389 427 1517 454 Romane
1542 428 1618 453 sedis
1644 427 1774 453 habuerit
1796 431 1823 453 et
1851 435 1883 453 ea
1909 426 1990 453 vobis
2018 427 2138 454 voluerit
2160 428 2225 454 sine

1269 476 1405 510 pravitate
1420 476 1513 510 aliqua
1529 476 1672 502 exhibere.
1698 475 1742 501 Ad
1765 476 1816 501 hec
1832 475 1914 501 vobis
1929 479 1957 502 et
1972 484 2022 510 per
2038 483 2088 501 vos
2104 475 2225 502 ecclesie

1269 529 1362 551 vestre
1378 525 1522 551 hominum
1534 525 1663 559 ejusdem
1677 525 1761 550 castri
1777 529 1804 551 et
1817 525 1918 551 casalis
1934 524 2008 559 quod
2026 524 2147 551 Lavadia
2161 525 2224 551 vul-

1268 574 1373 607 gariter
1396 576 1575 607 nuncupatur
1596 573 1721 598 decimas
1742 572 1876 598 duximus
1896 572 2109 605 concedendas,
2129 576 2157 598 et
2176 580 2226 598 eas

1268 621 1349 647 vobis
1362 622 1510 654 legationis
1521 622 1686 647 auctoritate
1696 629 1750 655 qua
1762 621 1906 655 fungimur
1917 620 2119 646 confirmamus
2129 624 2156 647 et
2167 628 2226 655 pre-

1269 671 1359 696 sentis
1382 670 1478 704 scripti
1496 668 1672 704 patrocinio²
1692 670 1914 695 communimus.
1935 668 2011 695 Nulli
2028 677 2096 703 ergo
2111 669 2227 695 omnino

1270 719 1416 744 bominum
1435 718 1516 743 liceat
1532 718 1603 744 hanc
1620 718 1750 752 paginam
1771 721 1866 743 nostre
1882 717 2079 744 concessionis
2090 737 2097 750 ,
2114 720 2227 752 protec-

1270 766 1369 798 tionis,
1387 766 1563 792 inhibitionis
1583 771 1609 792 et
1632 766 1856 792 confirmationis
1876 766 2032 800 infringere
2054 766 2097 792 vel
2114 766 2139 792 ei
2155 773 2225 792 ausu

1269 815 1420 841 temerario
1443 815 1593 841 contraire.
1615 815 1645 840 Si
1661 815 1726 849 quis
1742 818 1835 840 antem
1853 815 1906 840 hoc
1921 818 2058 840 attentare
2075 822 2227 849 presump—

1271 863 1353 895 serit,
1371 863 1594 897 indignationem
1611 864 1813 897 omnipotentis
1831 862 1883 888 Dei
1902 867 1928 888 et
1945 863 2091 889 beatorum
2109 862 2184 888 Petri
2200 867 2228 888 et

1273 912 1351 938 Pauli
1373 913 1564 946 apostolorum
1587 913 1651 946 ejus
1673 921 1703 937 se
1728 912 1837 937 noverit
1858 912 2051 937 incursurum.
2068 925 2102 930 —
2123 911 2226 937 Datum

1271 961 1440 990 Scandabli,
1468 959 1522 986 xla
1547 961 1599 987 kal.
1622 960 1684 994 julii
1700 982 1705 991 ‚

1271 1019 1341 1044 pape
1358 1009 1399 1035 ΙΙΙ
1415 1018 1488 1035 antio
1505 1010 1626 1043 septimo
1644 1009 1764 1035 decimo.

1733 960 1915 994 pontificatus
1942 959 2048 985 domini
2069 959 2227 986 Innocentii

1241 1163 1502 1198 [CCCXXXVHIJ.
1526 1177 1555 1181 -
1579 1162 1764 1188 Coxrmunio
1784 1170 1877 1189 nomini
1894 1160 2050 1188 Inxocssn‘rn
2066 1169 2134 1187 mee
2148 1168 2233 1187 sunsit

1273 1220 1449 1239 concussum
1464 1219 1556 1237 casm
1573 1210 1695 1236 Lavinia
1710 1218 1792 1236 men
1806 1219 1854 1236 Pan
1870 1217 1991 1236 nonnum
2003 1217 2126 1236 asom-uu
2141 1217 2231 1236 nomm

1273 1268 1437 1287 semanimo
1448 1260 1467 1285 ³.

1307 1362 1494 1387 Innocentius
1517 1361 1672 1395 episcopus
1692 1368 1794 1386 servus
1814 1368 1961 1386 servorum
1984 1359 2035 1385 Dei
2054 1360 2157 1385 dilecto
2175 1358 2232 1385 filio

1275 1411 1361 1436 nobili
1373 1411 1432 1435 viro
1445 1412 1478 1435 O.
1491 1410 1524 1435 de
1537 1409 1631 1435 l’tocca
1645 1409 1759 1435 domino
1773 1410 1951 1435 Athenarum
1967 1409 2086 1435 salutem
2103 1411 2131 1434 et
2145 1416 2233 1442 apos-

1274 1460 1387 1485 tolicam
1404 1459 1640 1485 benedictionem.
1664 1458 1788 1492 Dignum
1809 1462 1854 1483 est
1870 1462 1900 1484 ut
1915 1458 1963 1491 qui
1979 1457 2134 1492 apostolice
2154 1456 2232 1483 sedis

1275 1508 1364 1542 gratie
1384 1507 1543 1533 devotionis
1563 1507 1673 1533 meritis
1693 1515 1723 1532 se
1743 1510 1876 1541 coaptant
1895 1514 1946 1532 nos
1968 1506 1996 1532 in
2018 1505 2080 1532 suis
2101 1505 2233 1540 precibus

1275 1555 1444 1582 favorabiles
1460 1556 1605 1581 inveniant
1624 1560 1652 1581 et
1673 1555 1822 1589 benignos,
1841 1555 1888 1589 qui
1908 1555 2113 1580 consuevimus
2134 1554 2233 1580 imme-

1276 1605 1345 1632 ritos
1369 1606 1453 1631 etiam
1480 1610 1575 1630 nostra
1595 1605 1683 1637 gratia
1709 1603 1868 1638 prevenire.
1891 1602 2059 1637 Eapropter,
2082 1602 2183 1628 dilecte
2205 1603 2234 1628 in

1275 1653 1398 1680 Domino
1424 1653 1480 1683 fili,
1505 1654 1562 1678 tuis
1581 1652 1669 1686 justis
1691 1652 1823 1686 precibus
1846 1651 1988 1682 inclinati,
2010 1656 2136 1677 castrum
2158 1650 2234 1684 quod

1277 1702 1398 1728 Lavadia
1426 1706 1606 1736 nuncupatur
1631 1709 1695 1727 cum
1727 1701 1905 1734 pertinentiis
1929 1699 1992 1726 suis
2015 1699 2090 1734 quod
2115 1699 2235 1725 ecclesie

1279 1752 1405 1777 Romane
1430 1751 1516 1776 libere
1539 1758 1572 1776 ac
1596 1750 1748 1775 liberaliter
1774 1749 1935 1780 contulisti,
1962 1749 2055 1783 ipsum
2082 1747 2235 1774 venerabili

1275 1800 1355 1826 fratri
1380 1804 1476 1825 nostro
1498 1820 1517 1826 ..
1541 1799 1698 1824 Albanensi
1725 1799 1861 1832 episcopo
1885 1801 1954 1823 tunc
1979 1797 2134 1831 apostolice
2158 1796 2237 1822 sedis

1277 1850 1369 1883 legato
1394 1854 1491 1875 nostro
1518 1848 1631 1873 nomine
1656 1847 1846 1881 assignando,
1872 1846 2052 1881 postmodum
2078 1846 2112 1871 ab
2137 1844 2236 1871 eodem

1277 1899 1412 1932 episcopo
1432 1897 1481 1923 tihi
1503 1897 1604 1922 exinde
1627 1897 1693 1929 ligio
1711 1896 1831 1921 vassallo
1851 1895 2006 1928 apostolice
2021 1894 2098 1920 sedis
2118 1894 2191 1920 facto
2206 1892 2235 1919 in

1277 1948 1393 1973 feudum
1419 1947 1472 1973 sub
1499 1954 1593 1972 annuo
1619 1954 1707 1971 censu
1729 1945 1848 1970 duarum
1874 1952 2031 1970 marcarum
2054 1950 2237 1974 concessum,

1278 1997 1354 2022 sicut
1375 2000 1492 2030 apparet
1508 2004 1540 2021 ex
1559 1996 1583 2029 ej
1591 1995 1688 2021 usdem
1708 1994 1809 2020 litteris
1825 1992 1985 2025 evidenter,
2002 1992 2169 2018 auctoritate
2185 1990 2237 2017 tibi

1278 2046 1434 2079 apostolica
1450 2044 1652 2070 confirmamus
1668 2047 1696 2068 et
1713 2042 1854 2081 presentis
1869 2041 1969 2075 scripti
1986 2040 2142 2075 patrocinio
2157 2046 2237 2066 com-

1278 2095 1433 2120 munimus.
1451 2092 1528 2118 Nulli
1544 2099 1612 2125 ergo
1628 2092 1743 2117 omnino
1757 2090 1904 2116 hominum
1916 2089 2000 2115 liceat
2015 2090 2089 2115 hanc
2104 2088 2236 2122 paginam

1279 2147 1376 2170 nostre
1392 2141 1616 2168 confirmationis
1638 2140 1792 2174 infringere
1808 2138 1852 2164 vel
1871 2139 1897 2164 ei
1913 2146 1986 2165 ausu
2002 2138 2150 2164 temerario
2166 2144 2237 2163 con-

1278 2193 1373 2218 traire.
1392 2192 1422 2217 Si
1437 2192 1502 2225 quis
1517 2194 1613 2216 autem
1629 2190 1683 2216 hoc
1698 2193 1864 2223 attemptare
1877 2187 2091 2223 presumpserit,
2104 2186 2238 2221 indigna-

1278 2241 1384 2267 tionem
1402 2240 1606 2274 omnipotentis
1618 2238 1670 2264 Dei
1686 2242 1714 2264 et
1730 2238 1876 2263 beatorum
1893 2236 1969 2263 Petri
1982 2240 2011 2262 et
2025 2235 2105 2262 Pauli
2121 2238 2240 2270 aposto-

1277 2290 1369 2316 lorum
1386 2289 1450 2323 ejus
1465 2296 1495 2314 se
1513 2288 1623 2314 noverit
1639 2287 1833 2313 incursurum.

1313 2338 1418 2364 Datum
1436 2337 1574 2367 Laterani,
1590 2335 1617 2362 ΙΙ
1631 2335 1696 2362 idus
1708 2333 1844 2369 januarii,
1863 2333 2045 2369 pontificatus
2060 2332 2150 2359 nostri
2163 2339 2238 2358 anno

1276 2390 1377 2414 octavo
1392 2387 1514 2413 decimo.

1246 2539 1483 2576 [CCCXXXIXI.
1509 2554 1542 2558 —
1568 2538 1720 2565 Onnmno
1746 2545 1839 2564 nonna
1861 2536 2026 2562 Ammoni
2049 2543 2117 2562 mes
2141 2542 2239 2564 onan-n

1276 2598 1361 2616 nou
1382 2597 1451 2616 APUD
1474 2589 1624 2614 Amanum
1645 2595 1716 2614 ANNO
1737 2594 1799 2613 mus
1823 2592 1922 2615 ouium
1945 2592 2042 2611 MENSIS
2065 2591 2180 2611 anons-ri
2203 2590 2242 2610 nt.

1278 2771 1303 2797 1.
1322 2770 1383 2797 (lod.
1402 2769 1667 2796 communitionem.

1276 2819 1304 2847 2.
1320 2820 1387 2858 <lod¹⁴
1399 2818 1557 2853 patrocino.

1277 2868 1303 2896 3.
1321 2868 1437 2900 Latratu,
1456 2868 1486 2894 12
1498 2866 1610 2901 janvier
1626 2866 1703 2892 1215.
1721 2879 1752 2884 —
1768 2863 1918 2898 Muratori,
1933 2865 2009 2895 Ant..
2027 2866 2048 2891 t.
2065 2861 2102 2894 V,
2119 2870 2147 2896 p.
2163 2861 2237 2893 835;

1241 2917 1389 2950 Potthast‚
1411 2923 1441 2942 no
1457 2916 1535 2943 5052.
1553 2928 1589 2935 —
1608 2914 1746 2941 Innocent
1765 2911 1807 2939 ΙΙΙ
1827 2911 1964 2939 confirmo
1979 2911 2004 2939 la
2019 2911 2116 2937 charte
2136 2910 2240 2945 prece·-

1242 2965 1338 2992 dente.
