2392 3571
167 364 223 392 510

206 433 230 456 et
247 428 320 455 innza
341 427 508 454 immobilia
526 430 610 453 esctra
632 425 816 453 munitiones
830 425 1035 461 predictorum
1057 429 1170 453 castro-

208 488 274 507 rum
293 480 414 515 positas,
431 483 454 506 ct
471 486 572 505 cinnes
587 477 721 505 redditus
735 478 934 505 vassallorum
952 486 1084 506 meorum
1098 486 1170 514 quos

205 536 230 559 et
251 540 305 567 ane
329 531 421 566 hujus
445 530 643 557 alienationis
666 534 793 566 tempore
819 531 850 557 in
875 531 983 558 castris
1004 530 1167 558 habueram

205 584 380 612 memoratis
395 592 410 610 a
430 582 553 610 domino
568 590 649 618 papa
665 586 690 610 ct
707 583 840 610 Romana
857 583 976 610 ccclesia
996 583 1028 610 in
1043 582 1167 618 feudum

206 637 240 665 de
259 641 350 664 cetero
369 641 533 667 teneamus,
551 639 576 662 ct
592 634 700 662 e.cinde
716 635 811 671 ipsius
826 635 946 663 domini
958 644 1032 672 pape
1048 635 1172 664 vassalli

205 690 301 717 simus
316 692 456 724 perpetuo
472 692 497 715 ct
511 687 620 723 fideles,
639 692 664 715 et
677 687 784 715 eisdem
799 692 922 724 propter
935 688 988 715 hoc
1001 688 1172 724 specialiter

202 745 370 778 prcstcmus
391 740 569 775 homayium
589 740 756 775 personale.
780 740 837 768 I’ro
861 740 916 768 hac
937 745 1037 768 autem
1065 740 1170 768 cendi-

207 794 284 821 tione
304 797 328 820 ct
350 792 536 820 alienatione
559 792 700 828 confiteor
723 801 767 820 mc
787 793 926 829 recepisse
947 798 972 820 et
993 793 1133 821 habuisse
1153 802 1171 820 ιι

205 846 327 873 domino
342 845 494 873 Betu‘dicto
512 844 630 872 domini
645 854 720 881 pape
736 846 905 873 camerario
932 846 1054 873 nominc
1076 846 1171 882 ipsius

205 898 322 926 domini
343 907 417 934 pape
436 902 461 925 ct
481 897 598 925 ecclesie
617 898 748 926 Romane
764 899 894 926 solvente
1079 899 1171 926 libras

203 951 346 978 bonorum
362 949 612 985 proveniensium
630 955 763 983 senatus,
783 950 816 978 de
831 951 941 986 quibas
956 951 1025 978 bene
1041 959 1087 979 me
1104 960 1171 979 voco

205 1003 352 1038 quietum,
372 1002 540 1038 exceptioni
558 1011 614 1030 non
634 1008 792 1031 numerate
806 1004 933 1039 pecunie
951 1004 1168 1032 renuntiando.

203 1055 238 1083 Et
261 1055 286 1082 si
306 1054 440 1091 predicta
466 1055 541 1083 bona
567 1056 638 1092 plus
665 1056 782 1090 valent,
813 1061 905 1084 totum
930 1057 1023 1085 eidem
1048 1057 1172 1086 domino

201 1116 277 1145 pape
290 1111 315 1135 ct
331 1108 460 1135 Romane
478 1108 595 1136 ecclesie
611 1108 687 1136 dono
703 1113 793 1145 atquc
809 1109 932 1137 concedo
947 1110 1037 1138 libere
1054 1110 1086 1138 in
1100 1119 1171 1146 per-

200 1164 336 1197 petuum.
366 1159 423 1187 Pro
451 1160 560 1195 (suibus
586 1161 727 1189 omnibus
752 1161 947 1190 observandis
974 1163 1079 1190 omnia
1104 1172 1171 1191 mea

202 1213 276 1240 bona
297 1212 420 1240 mobilia
439 1217 465 1240 ct
484 1213 664 1247 immobilia,
685 1215 839 1250 presentia
858 1220 882 1243 ct
899 1216 1019 1250 sutura,
1038 1215 1099 1252 ipsi
1119 1216 1172 1244 do-

204 1266 289 1293 mino
308 1273 385 1301 pape
410 1269 435 1293 et
456 1265 587 1293 Romane
610 1266 728 1295 ecclesie
749 1267 856 1304 obliqo,
879 1273 904 1295 et
928 1268 1028 1296 eadem
1047 1273 1172 1305 propter

204 1319 257 1347 hoc
283 1318 456 1354 specialiter
481 1319 516 1347 ab
541 1319 582 1347 eis
604 1320 746 1356 precario
769 1329 815 1349 mc
840 1322 989 1349 constituo
1008 1322 1170 1358 possidere.

203 1371 415 1399 Renuntiando
430 1371 460 1399 in
476 1372 538 1400 hiis
551 1373 691 1400 omnibus
707 1373 888 1410 omnijuris
898 1375 1018 1402 auccilio
1032 1375 1172 1403 canonici

202 1429 228 1452 et
244 1424 356 1458 civilis,
376 1424 592 1453 consuetudini
609 1429 634 1453 et
649 1429 771 1460 statuto,
792 1431 817 1454 et
835 1427 920 1454 omni
936 1428 1052 1455 actioni
1068 1437 1171 1465 ceccep-

204 1477 282 1505 tioni
304 1481 329 1505 ct
353 1478 397 1505 rei
417 1485 472 1514 que
491 1482 607 1514 possent
632 1478 707 1506 obici
730 1483 836 1507 eontra
859 1480 1099 1509 instrumentum
1126 1482 1172 1509 vel

203 1531 329 1563 factum.
347 1530 432 1558 Hanc
447 1535 546 1559 autem
566 1531 769 1559 venditionem
788 1536 813 1560 et
831 1532 1047 1561 alienationem
1062 1538 1088 1562 et
1105 1538 1171 1562 tra-

203 1583 348 1611 ditionem
375 1587 401 1611 ct
426 1583 531 1611 omnia
556 1583 737 1620 supradicta
758 1593 814 1621 pro
838 1594 885 1613 ‘me
910 1590 935 1613 et
961 1586 1121 1615 heredibus
1146 1591 1171 1615 ct

201 1636 420 1664 successoribus
439 1636 513 1664 meis
527 1637 674 1673 promitto
692 1641 760 1665 rata
779 1641 805 1665 et
821 1637 914 1674 firma
935 1647 1051 1676 semper
1066 1639 1172 1668 habere

202 1693 229 1717 ct
251 1689 406 1717 observare
428 1693 453 1717 et
476 1689 563 1718 nullo
580 1694 708 1726 tempore
724 1695 829 1718 contra
846 1691 960 1726 venire,
981 1692 1031 1720 scd
1051 1693 1078 1720 si
1098 1702 1172 1730 opus

203 1743 297 1778 suerit
314 1742 447 1778 legitime
466 1742 622 1777 defendere
637 1743 671 1770 ab
689 1744 773 1771 omni
792 1752 932 1780 persona.
958 1746 1040 1780 Quod
1059 1747 1086 1774 si
1100 1755 1172 1783 pre-

203 1795 283 1823 dicta
303 1795 405 1823 omnia
428 1804 446 1823 a
468 1803 514 1823 me
536 1795 669 1832 meisque
689 1796 848 1825 heredibus
865 1805 925 1826 non
940 1799 1058 1833 fuerint
1074 1799 1173 1828 obser-

203 1853 274 1877 vata
290 1849 336 1876 vel
352 1848 481 1884 quolibet
501 1849 587 1876 modo
607 1849 782 1877 venerimus
801 1855 905 1878 eontra
924 1852 1084 1888 premissa,
1102 1861 1172 1889 pre-

204 1901 314 1929 dictam
340 1901 505 1937 pecuniam
532 1902 656 1930 nomine
682 1910 754 1938 pene
781 1902 908 1939 duplam
932 1904 1029 1932 eidem
1049 1905 1172 1934 domino

202 1963 277 1992 pape
302 1958 328 1981 et
355 1954 485 1982 Romane
510 1954 627 1982 ecclesie
656 1963 707 1983 nos
730 1956 943 1993 promittimus
967 1958 1120 1987 soluturos
1146 1964 1172 1987 et

201 2015 280 2044 pena
302 2007 401 2035 soluta
420 2007 514 2043 hujus
529 2007 716 2036 venditionis
736 2013 761 2036 et
782 2009 981 2038 alienationis
999 2016 1173 2041 contractus

203 2060 237 2088 in
257 2068 313 2088 sua
338 2060 562 2088 nichilominus
586 2065 765 2097 permaneat
787 2061 946 2097 firmitate.
971 2063 1077 2092 Aetam
1102 2074 1172 2102 pre-

202 2113 336 2141 sentibus
353 2113 474 2142 testibus
492 2113 531 2141 ad
549 2113 603 2142 hoc
620 2115 792 2151 specialiter
807 2116 933 2152 rogatis,
952 2117 1066 2146 scilicet
1083 2127 1092 2145 :

243 2165 365 2194 domino
380 2166 537 2195 Benedicta
554 2166 675 2195 domini
691 2176 766 2204 pape
783 2169 965 2206 camerario,
984 2174 1070 2206 teste,-

243 2218 365 2247 domino
381 2219 536 2247 Frasnello
553 2219 586 2247 de
601 2220 742 2255 Paliano,
765 2225 851 2256 teste,-

241 2271 370 2300 IIenrico
385 2271 497 2300 Pisano
514 2272 669 2307 Currerio,
689 2278 773 2309 teste,-

242 2324 364 2353 domino
381 2325 516 2354 Oderisio
531 2326 624 2360 Picto,
642 2331 729 2362 τρεῖν,-

244 2377 328 2405 Petro
344 2377 377 2405 de
394 2378 564 2415 Carpineto,
585 2383 653 2407 teste
663 2390 673 2414 ,-

242 2435 268 2458 et
286 2431 371 2459 Petro
386 2431 419 2459 de
437 2432 591 2466 Vicovaro,
608 2437 684 2461 teste.

242 2484 277 2511 Et
306 2493 356 2519 eqo
386 2485 552 2513 Riceardus
583 2486 754 2523 imperialis
779 2488 848 2515 aule
876 2489 1066 2517 scriniarius
1092 2489 1171 2518 hanc

201 2539 316 2563 cartam
332 2536 440 2573 scripsi
455 2541 481 2565 ct
500 2538 646 2574 complevi
663 2543 799 2575 rossatus.

164 2689 282 2722 CCLV.
314 2708 350 2713 —-
379 2692 529 2723 CARTULA
559 2694 751 2725 CRESCENTH
778 2705 852 2725 1³1th
880 2705 1029 2730 QUONDAM
1058 2707 1169 2728 nomm

204 2742 358 2773 Gumoms
375 2754 412 2774 DE
426 2746 567 2777 ΡΑῙΛΑΝΟ
582 2756 620 2776 m:
634 2757 829 2779 VENDtTlONE
846 2758 995 2780 n0NonUM
1011 2759 1136 2781 suonUM
1147 2752 1168 2780 ¹.

244 2847 277 2874 la
298 2850 417 2878 anuline
435 2851 566 2885 Domini,
587 2861 686 2881 amen.
705 2854 792 2881 Anno
810 2854 1041 2884 incarnationis
1057 2857 1173 2886 Christi

712 360 762 388 LE
786 360 931 389 LIBER
954 359 1188 389 CENSUUM
1213 359 1268 388 DE
1291 354 1479 389 L’EGLISE
1502 359 1713 389 ROMAINE.

1293 425 1457 453 millesimo
1478 426 1651 462 CCXXXIII,
1669 426 1866 464 pontificatus
1887 427 2007 456 domini
2028 427 2165 464 Greyorii
2184 438 2260 466 pape

1291 478 1368 505 noni
1384 486 1466 506 anno
1482 483 1572 513 sexto,
1588 487 1688 507 mense
1702 479 1913 515 sebruariidie
1932 480 2009 514 VIII,
2029 481 2194 510 indictione
2214 482 2258 510 rt.

1291 530 1351 566 Eyo
1376 530 1563 560 Crescentius
1582 532 1746 565 diaconus,
1765 532 1851 568 filius
1867 533 2019 569 quondam
2044 533 2163 562 domini
2186 534 2260 563 Gui-

1293 582 1380 611 donis
1396 583 1429 611 de
1446 583 1591 618 Pediano,
1613 585 1668 613 hae
1684 585 1730 613 die
1743 586 1890 622 presenti,
1908 586 2035 622 propria
2051 590 2076 614 ct
2094 591 2259 623 spontanea

1295 635 1448 664 voluntate
1476 636 1570 665 vendo
1598 642 1624 665 et
1649 638 1893 666 irrevocabiliter
1919 638 2005 667 trado
2033 639 2088 667 tibi
2115 640 2261 676 nzagyfflro

1292 688 1390 721 Boetz'o
1406 688 1525 717 domini
1540 698 1614 726 pape
1630 690 1737 718 clerieo
1757 695 1781 718 ct
1801 691 1958 726 familiari
1971 692 2185 728 procuratorio
2205 701 2261 720 no-

1292 741 1376 769 mine
1391 750 1446 778 pro
1462 742 1586 770 domino
1604 751 1685 780 papa
1708 748 1734 771 et
1753 744 1971 773 successoribus
1992 745 2058 772 suis
2079 745 2118 772 ad
2140 753 2213 782 opus
2235 750 2260 773 et

1293 793 1457 822 utilitatem
1477 795 1606 823 Romane
1622 796 1739 824 ecclesie
1758 796 1788 824 in
1804 801 1996 833 perpetuum,
2015 797 2152 825 videlicet
2170 801 2262 826 totam

1292 851 1318 874 et
1336 847 1486 884 integram
1508 852 1625 884 partem
1652 857 1748 877 meam
1773 853 1798 877 et
1815 849 1955 885 Latululfi
1972 850 2082 885 fratris
2103 850 2161 878 mei
2181 859 2262 879 rocee

1292 903 1318 927 et
1334 901 1429 928 castri
1444 900 1571 928 Paliani
1590 905 1616 929 et
1632 910 1713 929 rocee
1728 910 1761 929 ac
1778 903 1872 930 castri
1889 902 2045 937 Serronis,
2070 911 2137 931 cum
2162 903 2261 931 domi-

1293 952 1345 980 bus
1366 957 1391 980 et
1415 953 1563 981 casalinis
1586 962 1641 990 quc
1667 955 1750 989 infra
1769 955 1921 991 predictas
1945 963 2046 983 roccas
2071 955 2214 984 habemus
2235 961 2260 984 et

1295 1005 1377 1033 nobis
1391 1011 1563 1042 competunt
1579 1015 1635 1043 pro
1651 1007 1749 1035 ‹lii-iso
1767 1008 1810 1035 ret
1828 1008 1972 1041 indiviso,
1990 1016 2059 1036 eam
2075 1008 2256 1044 omniJ‘ure,

1287 1057 1506 1093 jurisdictione
1529 1064 1554 1087 et
1575 1060 1706 1093 actione,
1731 1060 1869 1088 dominio
1893 1064 1919 1088 et
1941 1060 2066 1094 honore,
2093 1065 2117 1088 et
2143 1065 2205 1088 tam
2228 1061 2259 1089 in

1295 1112 1385 1139 terris
1401 1119 1492 1148 quam
1513 1113 1544 1140 in
1561 1113 1677 1142 vineis.
1695 1113 1852 1147 vassallis,
1874 1113 1991 1150 pratis,
2010 1114 2181 1148 montibus,
2202 1115 2262 1143 col-

1293 1164 1381 1198 libus,
1398 1165 1554 1201 planiciis,
1576 1166 1675 1199 silvis,
1690 1167 1824 1203 pascuis,
1845 1167 1935 1202 aquis
1951 1171 1976 1194 et
1993 1167 2264 1196 communitatibus

1296 1218 1457 1247 universis.
1480 1219 1559 1246 sicut
1579 1219 1674 1247 michi
1692 1224 1717 1247 et
1733 1220 1812 1248 dieto
1826 1220 1921 1254 fratri
1944 1228 2005 1248 meo
2022 1224 2192 1257 competunt
2206 1229 2264 1257 pro

1294 1270 1392 1299 diviso
1419 1271 1463 1299 vel
1493 1271 1626 1299 indiviso
1653 1272 1684 1300 ¹in
1709 1272 1855 1308 predictis
1881 1273 1990 1301 castris
2017 1273 2100 1301 intus
2126 1278 2152 1301 ct
2176 1278 2262 1302 θωνα

1292 1327 1386 1359 etper
1409 1328 1503 1352 totum
1525 1333 1629 1352 eorum
1659 1325 1853 1353 terriutrium
1877 1330 1901 1353 et
1926 1325 2118 1361 districtum,
2145 1331 2263 1363 eoecepto

1292 1385 1323 1404 eo
1343 1377 1504 1413 quodjure
1519 1378 1643 1414 proprio
1660 1378 1749 1406 habeo
1766 1379 1799 1406 in
1819 1378 1961 1415 predic-tis
1983 1379 2091 1407 castris
2106 1380 2171 1407 sine
2185 1379 2263 1408 dicto

1292 1429 1443 1465 Landulfo
1461 1431 1557 1465 fratre
1573 1439 1646 1465 meo,
1667 1430 1745 1467 quod
1762 1431 1857 1459 michi
1874 1440 1993 1460 reservo
2013 1431 2051 1459 ad
2074 1440 2147 1469 opus
2162 1440 2261 1460 meum

1294 1486 1319 1510 et
1343 1482 1487 1510 heredum
1515 1491 1665 1517 meorum,
1690 1487 1715 1511 et
1735 1483 1883 1520 quicquid
1906 1492 1958 1511 ¹nos
1981 1484 2066 1512 ambo
2085 1485 2197 1519 fratres
2218 1484 2264 1513 vel

1294 1535 1357 1563 alia
1379 1544 1506 1572 persona
1526 1544 1582 1572 pro
1605 1535 1690 1564 nobis
1708 1535 1741 1564 de
1758 1536 1903 1573 predictis
1920 1537 2060 1565 omnibus
2075 1536 2263 1573 possidemus

1294 1596 1311 1616 a
1336 1589 1471 1625 presenti
1501 1589 1720 1617 constituimus
1750 1597 1803 1617 nos
1836 1589 1959 1617 nominc
1990 1589 2121 1618 Romane
2146 1590 2264 1619 ecclesie

1292 1641 1452 1678 possidere,
1473 1646 1498 1669 et
1517 1641 1552 1669 do
1568 1646 1593 1670 et
1614 1641 1738 1670 concedo
1755 1642 1879 1670 nomine
1896 1642 1984 1678 [meo]
2007 1646 2032 1670 et
2057 1642 2133 1670 dicti
2153 1643 2263 1678 fratris

1294 1695 1354 1722 mei
1370 1694 1465 1722 eidem.
1484 1694 1607 1723 domino
1629 1704 1704 1732 pape
1728 1695 1854 1723 liberam
1872 1699 2044 1732 potestatem
2072 1695 2214 1724 intrandi
2238 1700 2263 1724 et

1294 1748 1464 1785 accipiendi
1480 1757 1535 1785 per
1553 1756 1582 1776 se
1600 1748 1644 1776 vel
1657 1757 1711 1785 per
1723 1752 1956 1785 procuratore-m
1972 1756 2061 1776 suum
2082 1749 2265 1777 auctoritate

1291 1801 1421 1838 propria
1434 1802 1647 1838 possessionem
1668 1802 1806 1830 omnium
1828 1801 2049 1838 predictorum,
2077 1805 2102 1829 ct
2123 1801 2262 1835 habendi,

1295 1854 1426 1887 tenendi,
1442 1854 1618 1891 possidendi
1634 1854 1673 1882 ad
1689 1863 1762 1891 opus
1778 1859 1802 1882 et
1822 1854 1985 1882 utilitatem
2000 1854 2130 1882 Romane
2145 1854 2265 1882 ecclesie

1297 1909 1329 1936 in
1342 1912 1521 1945 perpetuum
1540 1908 1645 1936 omnia
1661 1908 1856 1945 supradicta,
1881 1907 1964 1936 salvo
1984 1916 2039 1944 per
2059 1907 2165 1936 omnia
2179 1907 2265 1936 nobis

1294 1966 1319 1990 et
1335 1961 1493 1990 heredibus
1513 1961 1624 1989 nostris
1639 1965 1782 1998 perpetuo
1799 1960 1878 1997 quod
1896 1961 2054 1989 universas
2071 1960 2266 1997 possessiones

1294 2020 1319 2044 et
1341 2016 1417 2044 bona
1432 2015 1603 2043 ‘immobilia
1621 2019 1706 2043 extra
1723 2014 1911 2042 munitiones
1924 2013 2132 2050 predictorum
2150 2018 2264 2042 castro-

1294 2077 1365 2096 rum
1386 2068 1486 2105 posita
1511 2071 1537 2095 et
1561 2066 1699 2095 redditus
1720 2067 1922 2095 vassallorum
1946 2070 2119 2094 nostrorum
2143 2074 2215 2102 quos
2237 2071 2263 2094 et

1293 2129 1349 2158 que
1367 2121 1461 2157 hujus
1475 2119 1676 2148 alienationis
1692 2124 1822 2156 tempore
1839 2119 1869 2147 in
1891 2120 2000 2147 castris
2019 2119 2184 2147 habuimus
2200 2127 2264 2146 me-

1293 2173 1422 2202 moratis
1437 2182 1455 2202 a
1470 2172 1592 2201 domino
1605 2181 1686 2210 papa
1702 2176 1728 2200 et
1744 2172 1879 2200 Romana
1899 2171 2021 2200 ecclesia
2039 2172 2070 2199 in
2085 2171 2209 2207 feudum
2230 2171 2264 2199 de

1293 2231 1387 2256 cetero
1405 2230 1568 2261 teneamus,
1589 2230 1613 2254 et
1630 2225 1737 2253 coez'nde
1754 2225 1852 2262 ipsius
1866 2224 1986 2253 domini
1998 2232 2074 2261 pape
2089 2228 2115 2252 ct
2135 2224 2264 2252 Romane

1294 2280 1410 2308 ecclesie
1432 2278 1557 2307 vassalli
1572 2278 1668 2306 simus
1690 2282 1833 2315 perpetuo
1852 2281 1879 2305 et
1897 2276 2014 2313 fideles,
2034 2281 2060 2305 et
2080 2276 2122 2305 eis
2140 2280 2265 2314 propter

1293 2333 1347 2361 hoc
1362 2331 1536 2369 specialiter
1555 2335 1723 2368 prestemus
1740 2330 1917 2366 honzagsium
1936 2329 2102 2366 personale.
2126 2329 2185 2357 Pro
2202 2337 2261 2365 qua

1293 2385 1445 2421 siquidem
1472 2383 1646 2412 venditione
1668 2387 1694 2411 et
1716 2382 1882 2411 traditione
1905 2381 2047 2418 confiteor
2070 2390 2116 2409 mc
2140 2382 2262 2410 nomine

1293 2446 1357 2466 meo
1382 2441 1407 2465 et
1427 2437 1560 2474 predicti
1583 2436 1694 2471 fratris
1721 2436 1779 2464 mei
1801 2435 1942 2471 recepisse
1964 2439 1989 2462 et
2010 2434 2149 2462 habui-sse
2174 2443 2192 2462 a
2209 2433 2262 2462 do-

1294 2491 1379 2518 mino
1405 2489 1561 2518 chedieto
1588 2488 1708 2516 domini
1732 2496 1809 2524 pape
1836 2487 2024 2521 camerario,
2058 2487 2180 2515 nomine
2209 2486 2262 2515 do-

1294 2543 1375 2571 mini
1390 2550 1464 2579 pape
1481 2546 1506 2570 et
1522 2541 1639 2570 ecclesie
1650 2541 1780 2569 Romane
1792 2541 1933 2574 solvente,
1947 2539 2042 2568 decem
2059 2544 2084 2567 et
2095 2543 2156 2568 octo
2168 2539 2263 2568 libras

1293 2596 1438 2624 bonorum
1454 2594 1707 2631 proveniensium
1722 2598 1856 2627 senatus,
1872 2592 1905 2620 de
1924 2592 2033 2629 quibus
2049 2592 2118 2620 bene
2131 2600 2177 2620 me
2192 2599 2263 2620 voco

1293 2648 1431 2685 quietum
1451 2647 1574 2676 nomine
1590 2655 1653 2675 meo
1674 2651 1699 2674 et
1715 2645 1847 2682 predicti
1864 2645 1975 2681 fratris
1998 2645 2054 2672 mei
2067 2667 2073 2679 ,
2095 2644 2262 2681 eoeceptiont

1295 2709 1354 2730 non
1371 2704 1530 2729 numerate
1545 2699 1672 2736 pecunie
1692 2698 1919 2733 renuntiando,·
1940 2702 1965 2726 ct
1983 2698 2010 2726 si
2029 2697 2165 2734 predicta
2186 2697 2262 2725 bona

1291 2754 1361 2790 plus
1379 2753 1493 2787 valent,
1516 2757 1608 2780 totum
1632 2751 1726 2780 eidem
1747 2751 1869 2779 domino
1884 2758 1960 2787 pape
1975 2751 2097 2786 suisque
2115 2756 2263 2778 successo-

1254 2923 1457 2956 Crescentius,
1474 2923 1519 2949 fils
1540 2923 1574 2948 de
1593 2922 1668 2955 Guy,
1686 2921 1720 2946 de
1739 2920 1866 2950 paliano,
1885 2927 1957 2952 pour
1972 2926 2021 2945 ses
2037 2918 2119 2944 biens
2139 2922 2167 2944 et
2187 2926 2260 2944 ceux

1254 2972 1289 2999 de
1309 2981 1361 2999 son
1385 2973 1459 2999 fr'ere
1483 2971 1615 3001 Landulf,
1641 2973 1817 3004 moyennant
1839 2976 1894 2994 une
1919 2975 2029 2993 somme
2052 2966 2086 2992 de
2110 2966 2139 2993 18
2162 2966 2262 2998 livres,

203 3009 227 3034 1.
250 3010 264 3033 S
287 3010 389 3036 tes-rior
415 3012 489 3039 1233.
511 3029 542 3033 —
566 3015 658 3042 Meme
680 3017 793 3043 cossion
818 3018 852 3043 de
877 3018 902 3043 la
926 3023 988 3052 part
1012 3019 1048 3046 du
1075 3020 1171 3047 diacre
1255 3024 1343 3056 ροβε
1360 3021 1451 3056 parte
1467 3019 1605 3046 camerier
1623 3018 1735 3044 Benoit.
