2392 3571
647 327 697 356 LE
720 327 865 356 LIBER
888 326 1120 357 CENSUUM
1145 327 1199 356 DE
1224 323 1409 357 L'EGLISE
1433 329 1640 359 ROMAINE.
2131 331 2186 360 511

139 400 224 428 ribus
240 400 316 428 dono
329 404 418 436 atque
433 399 555 428 concedo
569 399 693 427 nomine
705 403 803 427 meoet
819 398 894 427 dieti
909 399 1019 434 fratris
1033 399 1100 433 mei,

139 453 178 481 ad
189 461 262 490 opus
273 456 298 481 et
314 453 479 481 utilitatem
493 452 623 480 Romane
639 452 754 480 ecclesie
770 452 860 481 libere
877 453 907 481 in
924 458 1101 490 perpetuum

136 506 318 543 promittens
332 514 386 543 pro
402 514 447 533 me
461 510 486 533 et
500 504 578 533 dieto
592 506 689 541 fratre
704 514 767 534 mco
782 510 807 534 et
822 506 980 535 heredibus
995 511 1020 535 et
1036 515 1104 536 snc-

138 559 301 587 cessoribus
318 559 441 592 nostris,
457 559 581 594 prestito
603 567 620 586 a
642 567 687 586 me
705 559 1101 596 corporaliterjuramento,

139 612 218 640 hanc
240 611 446 640 venditionem
473 616 498 639 et
522 611 717 639 traditionem
744 616 770 639 et
797 612 900 639 omnia
926 611 1104 648 supradicta

138 669 206 693 rata
230 668 255 692 ct
277 664 369 700 firma
391 672 507 700 semper
533 663 639 691 habere
666 668 691 691 et
715 668 856 700 perpetuo
883 664 1104 692 inviolabiliter

138 718 292 745 observare
312 721 337 744 et
357 724 418 744 non
448 720 552 744 contra
575 716 694 751 venire.
721 716 770 744 sed
795 717 821 744 si
848 725 922 753 opus
942 722 968 744 et
990 725 1104 745 neeesse

136 769 231 805 fuerit
247 769 402 804 defendere
418 769 551 804 legitime
567 768 603 796 ab
622 769 707 796 omni
726 777 866 805 persona.
897 769 978 802 Ouod
994 770 1021 797 si
1038 778 1103 806 pre-

137 822 216 850 dicta
242 821 347 850 omnia
371 829 390 849 a
414 821 496 849 nobis
521 821 691 857 nostrisque
716 821 874 849 heredibus
898 830 958 850 non
984 822 1103 857 suerint

137 874 305 908 observata,
337 873 504 910 predictam
539 873 701 909 pecuniam
731 874 854 901 nomine
877 883 950 911 pente
977 873 1100 911 duplam

136 926 230 955 eidem
249 925 374 954 domino
391 933 467 963 pape
486 934 520 953 ac
538 926 667 953 Romane
686 925 802 953 ecclesie
822 926 967 962 promitto
985 935 1030 954 me
1053 927 1103 955 in-

137 983 215 1016 teyre
235 979 422 1013 soluturum,
446 982 472 1006 et
492 986 569 1015 pena
587 978 686 1006 soluta
704 977 796 1014 hujus
821 978 1006 1006 venditionis
1031 987 1103 1007 con-

137 1037 252 1061 tractus
269 1033 300 1060 in
317 1040 373 1060 sua
389 1031 614 1060 nichilominus
626 1036 806 1068 permaneat
821 1031 890 1067 sirm
898 1032 979 1060 itate.
996 1033 1101 1060 Actum

133 1085 323 1122 presentibus
339 1084 459 1113 testibus
474 1084 653 1121 subscriptis
667 1083 706 1111 ad
721 1083 773 1112 hoc
790 1084 961 1120 specialiter
978 1085 1099 1121 royatis,

136 1138 250 1167 seilicet
267 1149 276 1166 .·

179 1214 198 1219 ..
213 1191 471 1228 archipresbytero
486 1190 586 1219 saneti
599 1190 768 1225 Panerosti,
791 1194 875 1225 teste,-

175 1243 276 1272 Lando
293 1243 326 1271 de
341 1243 442 1278 Atina,
459 1246 546 1277 teste,-

175 1295 313 1324 Johanne
328 1295 362 1323 de
381 1295 506 1330 Verulis,
530 1299 615 1330 teste,-

175 1348 290 1377 Mathia
308 1352 334 1376 ct
350 1348 445 1376 Paulo
463 1347 496 1376 de
513 1348 622 1384 Cappa,
644 1351 724 1376 teste.

174 1401 209 1430 Et
239 1409 289 1437 eqo
318 1400 482 1430 Riceardus
512 1401 684 1438 imperialis
709 1401 778 1429 aule
805 1401 992 1429 scriniarius
1023 1401 1103 1431 hanc

135 1459 250 1483 cartam
267 1454 431 1490 utriusque
443 1454 543 1490 partis
561 1462 705 1482 consensu
723 1454 871 1490 complevi
887 1459 1019 1490 rogatus.

96 1611 233 1641 CCLVI.
255 1627 293 1632 —-
314 1610 465 1640 CARTULA
495 1610 769 1648 [amimcntoffls]
795 1620 995 1641 VENDITtoNIS
1019 1611 1102 1641 LAN-

136 1673 228 1693 DULFI
246 1672 355 1693 nomm
368 1663 523 1693 Gumosts
539 1672 577 1692 ΒΕ
593 1663 732 1693 Pam-0
747 1671 844 1692 FAcTE
860 1664 930 1700 [PER
944 1663 1101 1693 CRESCEN-

137 1725 214 1746 Tium
231 1725 375 1746 FRATREM
393 1717 487 1753 sumt]
510 1716 645 1745 Rosam
667 1725 812 1746 secessus
837 1726 873 1746 ms
896 1725 985 1747 noxis
1000 1719 1100 1747 SU1s¹.

177 1823 211 1851 In
231 1822 353 1850 nomine
370 1822 502 1857 Domini,
523 1830 622 1850 amen.
640 1823 728 1850 Anno
744 1822 972 1851 incarnationis
989 1824 1103 1853 Christi

135 1875 305 1905 M⁰CC⁰XXX
319 1875 419 1910 tertio,
437 1875 634 1912 pontificatus
649 1875 768 1903 domini
786 1875 923 1912 Greqorii
936 1885 1012 1913 pape
1027 1878 1103 1905 noni

135 1938 217 1958 atino
237 1933 333 1962 sexto,
354 1937 451 1957 mense
471 1929 622 1964 seta-uarii
644 1928 690 1956 die
711 1929 795 1956 XXV.
821 1929 987 1958 indictione
1005 1935 1098 1958 screto.

135 1983 193 2019 Eyo
210 1981 380 2017 Landutfas
396 1981 461 2010 dom
470 1982 514 2009 ini
532 1981 680 2009 Guidonis
696 1981 729 2009 de
750 1981 878 2010 Paliano
896 1982 951 2010 hac
970 1982 1017 2010 die
1033 1992 1103 2020 pre-

134 2035 212 2064 senti
233 2034 358 2072 propria
376 2038 402 2062 et
421 2038 587 2070 spontanea
610 2034 763 2061 voluntate
778 2034 910 2070 predicte
933 2035 1103 2063 venditioni

135 2092 161 2116 et
177 2087 359 2116 alienationi
380 2095 399 2114 a
416 2086 549 2123 predicto
567 2086 732 2115 Crescentio
747 2087 845 2121 fratre
861 2095 924 2114 meo
939 2087 1034 2115 eidem
1051 2087 1103 2116 do·-

136 2141 220 2168 mino
234 2148 309 2177 pape
326 2144 350 2167 et
371 2140 500 2167 Romane
520 2139 638 2167 ecclesie
656 2139 863 2175 sollempniter
876 2140 953 2174 facte
969 2139 1003 2168 dc
1019 2140 1104 2168 bonis

135 2193 248 2221 nostris
264 2201 320 2229 que
335 2192 477 2220 habemns
498 2192 528 2219 in
551 2192 658 2219 eastris
680 2192 806 2219 Paliani
824 2196 850 2219 et
870 2192 1012 2221 Serronis
1028 2197 1053 2221 et
1071 2194 1103 2221 in¹

135 2254 238 2274 eoram
266 2245 432 2273 territoriis
452 2245 614 2277 consentio,
641 2249 666 2272 et
689 2245 784 2281 ipsam
807 2244 1010 2273 venditionem
1033 2255 1103 2274 cum

136 2299 276 2327 omnibus
307 2297 460 2326 tenoribus
489 2297 553 2324 suis
576 2297 755 2333 juramento
784 2305 801 2324 a
832 2306 877 2325 me
907 2299 1105 2334 corporaliter

135 2351 258 2388 prestito
273 2354 374 2378 ratam
393 2354 417 2377 et
432 2350 554 2386 firmam
573 2349 679 2377 habere
695 2350 839 2386 promitto
854 2355 879 2378 et
893 2356 1036 2387 perpetuo
1053 2352 1103 2379 in-

135 2404 321 2432 violabiliter
339 2404 508 2438 observare,
539 2402 697 2439 obliqando
718 2412 761 2430 me
781 2411 918 2440 meosque
938 2404 1056 2432 heredes
1079 2410 1104 2433 et

135 2457 239 2485 onznia
254 2464 317 2485 mea
330 2456 455 2484 mobilia
467 2460 492 2484 et
506 2456 544 2483 im
553 2456 676 2483 mobiliav
685 2456 837 2492 presentia
849 2461 873 2484 et
884 2457 993 2491 sutura
1007 2457 1100 2485 eidem

135 2509 258 2538 domino
273 2517 348 2546 pape
363 2513 389 2537 et
402 2509 532 2537 Romane
547 2508 663 2536 ecclesie
678 2509 732 2537 sub
741 2517 821 2545 pena
834 2517 851 2537 L
864 2509 1016 2537 liin-arum
1031 2518 1103 2547 pro-

136 2571 188 2591 ven
197 2562 325 2590 iensium
345 2561 383 2589 ad
401 2561 506 2589 omnia
522 2560 700 2597 supradicta
719 2569 775 2597 pro
794 2570 838 2589 me
861 2562 993 2598 meisque
1017 2562 1102 2591 here-

136 2614 222 2643 dibus
237 2614 370 2650 firmiter
385 2613 583 2648 observanda,
601 2613 784 2650 promittens
802 2622 847 2642 me
867 2614 1034 2651 predictam
1050 2624 1103 2652 pe-

137 2675 209 2695 nam
226 2667 253 2694 si
268 2671 372 2695 contra
390 2667 565 2694 venerimus
580 2665 673 2694 eidem
692 2666 814 2694 domino
832 2675 908 2703 pape
928 2672 953 2695 et
974 2668 1103 2696 Romane

135 2719 253 2748 ecclesie
269 2719 455 2753 soluturum,
482 2723 507 2747 ct
528 2727 604 2756 pena
621 2719 719 2748 soluta
736 2719 829 2756 hujus
843 2720 1058 2756 promissionis
1077 2725 1103 2748 et

1226 394 1421 431 oblissationis
1445 402 1617 425 contrat-tus
1642 399 1673 426 in
1693 408 1748 427 sua
1774 400 1996 428 nichilominus
2011 404 2188 437 permaneat

1225 445 1383 481 firmitate.
1410 449 1515 476 Actum
1539 451 1726 485 presentibus
1747 453 1868 481 testibus
1890 453 1929 480 ad
1949 454 2002 481 hoe
2017 455 2189 490 specialiter

1225 501 1349 536 royatis,
1371 502 1482 530 seilicet
1500 513 1507 530 .-

1268 574 1287 580 ..
1302 553 1405 589 priore
1422 556 1521 583 sancti
1539 556 1707 586 l'ancratii.
1725 563 1811 593 (Μία

1263 606 1401 634 ,Iohanne
1417 608 1634 644 Leonisjudice
1653 611 1784 645 t’attani,
1806 616 1891 646 teste‚·

1266 658 1351 686 Petro
1370 660 1476 695 l'ctulo,
1499 665 1587 696 teste,-

1265 711 1387 739 domino
1405 712 1500 740 (idone
1517 713 1550 741 de
1566 715 1700 748 (tlibano,
1720 721 1808 751 teste;

1264 768 1290 791 et
1305 764 1324 792 A
1333 769 1412 793 mato
1428 765 1614 794 vicedomino
1631 768 1813 804 Prcncstino,
1837 775 1912 799 teste.

1264 817 1299 844 Et
1328 826 1378 853 eqo
1407 818 1571 847 liiccartlus
1603 820 1773 856 imperialis
1802 824 1870 851 aule
1897 825 2085 854 scriniarius
2109 827 2188 855 hanc

1223 874 1339 897 cartam
1359 871 1520 907 utriusque
1533 873 1632 908 partis
1646 882 1789 902 consensu
1805 876 1951 912 compteri
1967 882 2100 914 reflatus,

1185 1024 1339 1054 CCLVII.
1362 1043 1396 1047 -——
1415 1026 1564 1056 CAn'rULA
1582 1037 1780 1059 vmmwoxts
1797 1031 2015 1062 Accmmsrxs
2033 1043 2130 1064 esem
2151 1044 2188 1064 DE

1226 1086 1316 1107 nosus
1333 1087 1397 1107 suxs
1408 1079 1429 1109 ¹.

1264 1184 1299 1212 In
1318 1186 1441 1213 nomine
1456 1186 1587 1222 Domini,
1608 1196 1708 1216 amen.
1725 1189 1813 1218 :inno
1830 1191 2058 1221 incarnationis
2075 1195 2190 1223 Christi

1226 1237 1390 1265 millesimo
1411 1238 1580 1275 CCXXXIII,
1604 1240 1800 1277 pontificatus
1820 1243 1939 1272 domini
1962 1245 2097 1282 Greqorii
2113 1256 2190 1284 pape

1227 1290 1300 1317 noni
1326 1298 1408 1319 anno
1433 1296 1523 1326 sesto,
1551 1302 1651 1322 mense
1675 1295 1831 1329 februario
1852 1296 1899 1325 die
1923 1298 1998 1333 Vttt,
2023 1299 2190 1328 indictione

1224 1346 1318 1370 semla.
1334 1343 1392 1380 Esto
1407 1344 1574 1373 Aecettante
1588 1346 1622 1374 de
1640 1346 1769 1376 l'aliano
1787 1349 1843 1377 hac
1859 1349 1905 1378 die
1917 1352 2049 1387 presenti
2062 1353 2190 1389 propria

1224 1399 1250 1422 ct
1266 1400 1432 1432 spontanea
1449 1398 1605 1426 voluntate
1627 1400 1719 1428 vendo
1735 1405 1759 1429 et
1778 1401 2018 1432 irrevocabiliter
2033 1405 2119 1433 trado
2138 1405 2191 1433 tibi

1223 1448 1371 1484 maqistro
1387 1450 1484 1478 Boetio
1506 1450 1626 1480 domini
1641 1461 1717 1490 pape
1733 1454 1841 1483 clerico
1860 1459 1886 1483 et
1908 1457 2066 1490 familiari
2080 1466 2190 1495 procu-

1226 1502 1339 1529 ratorio
1357 1503 1480 1531 nomine
1493 1512 1549 1540 pro
1564 1505 1687 1534 domino
1701 1515 1780 1543 papa
1799 1512 1825 1535 et
1840 1510 2057 1538 successoribus
2071 1511 2136 1539 suis
2152 1510 2191 1539 ad

1223 1561 1296 1589 opus
1309 1558 1334 1582 et
1351 1555 1517 1584 utilitatem
1535 1557 1666 1586 Romane
1683 1559 1801 1587 ecclesie
1819 1560 1850 1588 in
1865 1566 2043 1597 perpetuum
2055 1585 2061 1595 ‚
2079 1563 2190 1591 videli-

1223 1611 1264 1634 cet
1282 1611 1372 1635 totam
1394 1612 1419 1635 et
1436 1609 1587 1645 inteqram
1608 1615 1724 1647 partem
1750 1621 1844 1640 meam
1870 1622 1949 1641 rocce
1968 1619 1994 1642 ct
2016 1616 2110 1644 castri
2131 1616 2189 1644 Pa-

1224 1659 1304 1687 liani
1323 1664 1348 1687 et
1368 1669 1449 1689 roece
1469 1670 1504 1690 ac
1525 1663 1618 1691 castri
1638 1663 1780 1692 Serronis
1801 1673 1868 1693 cum
1892 1665 1977 1694 domo
1997 1672 2023 1695 et
2042 1669 2190 1697 casalinis

1223 1712 1308 1747 infra
1332 1722 1446 1742 roceam
1469 1714 1595 1743 Paliani
1618 1716 1714 1744 michi
1732 1718 1956 1754 pcrtinentibus
1973 1724 2079 1748 etcum
2103 1722 2189 1749 omni

1216 1765 1300 1801 jure,
1313 1766 1532 1802 jurisdictione
1544 1790 1550 1801 ,
1574 1768 1710 1797 dominio
1725 1774 1751 1797 et
1774 1770 1885 1799 honore
1902 1776 1928 1799 et
1951 1773 2069 1800 actione
2084 1778 2109 1801 et
2126 1778 2187 1802 tam

1223 1817 1255 1845 in
1273 1819 1415 1847 vassallis
1430 1827 1521 1856 quam
1538 1821 1572 1848 in
1589 1822 1689 1855 terris,
1709 1831 1799 1858 quam
1815 1824 1847 1851 in
1861 1825 1969 1853 vincis.
1980 1827 2092 1862 pratis,
2106 1835 2190 1855 mon-

1223 1871 1312 1905 tibus,
1335 1872 1470 1905 eollibus,
1486 1873 1645 1909 planiciis,
1664 1875 1763 1909 silvis,
1780 1877 1916 1913 pascuis,
1938 1879 2028 1914 aquis
2043 1884 2069 1907 et
2084 1888 2188 1907 comu-

1222 1923 1371 1952 nitatibus
1388 1925 1552 1960 universis,
1569 1927 1649 1955 sicut
1664 1928 1748 1956 nobis
1765 1933 1792 1957 et
1809 1929 1966 1958 heredibus
1982 1932 2094 1960 nostris
2108 1941 2189 1960 eom-

1221 1981 1329 2013 petunt
1344 1985 1401 2014 pro
1422 1977 1520 2006 diviso
1540 1979 1586 2007 vel
1610 1980 1743 2009 indiviso
1766 1982 1797 2009 in
1821 1982 1965 2018 predictis
1981 1985 2090 2012 castris
2107 1985 2190 2013 intus

1223 2033 1249 2057 et
1266 2034 1352 2057 estra
1369 2035 1394 2058 et
1411 2039 1464 2067 per
1480 2035 1575 2059 totum
1591 2041 1693 2061 eorum
1712 2034 1902 2062 territorium
1921 2040 1946 2064 et
1961 2036 2146 2072 districtum,
2164 2042 2191 2066 et

1224 2083 1371 2118 quicquid
1387 2092 1437 2120 cao
1453 2084 1578 2113 vel‘alia
1596 2094 1723 2122 persona
1738 2095 1794 2124 pro
1810 2096 1855 2116 me
1871 2088 1904 2116 de
1925 2089 2069 2125 predictis
2088 2092 2190 2119 omni-

1225 2135 1278 2163 bus
1291 2136 1488 2172 possidemus,
1507 2146 1526 2166 α
1542 2139 1675 2174 presenti
1691 2141 1840 2168 constituo
1859 2150 1904 2169 me
1924 2142 2045 2170 nomine
2060 2143 2191 2171 Romane

1223 2188 1340 2216 ecclesie
1362 2189 1529 2225 possidere,
1557 2190 1633 2219 dans
1657 2196 1684 2219 et
1709 2193 1868 2221 concedens
1892 2195 1948 2231 ipsi
1970 2194 2094 2223 domino
2113 2204 2189 2232 pape

1224 2241 1347 2277 suisque
1364 2243 1581 2271 successoribus
1599 2244 1727 2272 liberant
1742 2250 1913 2282 potestatem
1936 2247 2078 2275 intrandi
2093 2253 2119 2276 et
2137 2256 2190 2277 ac-

1225 2295 1360 2331 cipiendi
1381 2304 1434 2332 per
1454 2305 1482 2324 se
1508 2298 1551 2325 vel
1571 2306 1626 2334 per
1647 2304 1872 2334 procuratorem
1896 2308 1985 2328 suurn
2007 2302 2189 2330 auctoritate

1223 2347 1350 2383 propria
1371 2349 1584 2384 possessionem
1609 2351 1748 2378 omnium
1772 2350 1978 2387 predictorum
2006 2356 2031 2380 et
2059 2352 2190 2381 habendi

1226 2399 1346 2428 tenendi
1361 2401 1536 2437 possidendi
1549 2406 1692 2444 perpetuo
1707 2403 1746 2431 ad
1758 2412 1832 2441 opus
1842 2408 1868 2432 et
1879 2405 2045 2433 utilitatem
2061 2406 2190 2435 Romane

1224 2452 1342 2480 ecclesie
1359 2454 1463 2481 omnia
1480 2455 1667 2490 supradicta⁴
1689 2455 1772 2484 salvo
1786 2456 1882 2484 miehi
1898 2461 1924 2485 et
1939 2457 2097 2486 heredibus
2116 2459 2190 2487 meis

1222 2511 1364 2542 perpetuo
1384 2507 1462 2543 quod
1482 2508 1642 2536 universas
1657 2509 1854 2545 possessiones
1875 2515 1901 2538 et
1925 2511 2000 2539 bona
2019 2512 2190 2541 immobilia

1224 2562 1309 2586 eirtra
1328 2559 1516 2588 munitiones
1526 2561 1732 2597 predictorum
1750 2566 1919 2590 castrorum
1936 2563 2033 2600 posita
2047 2569 2072 2592 et
2087 2563 2189 2592 reddi-

1225 2615 1272 2638 tus
1288 2611 1491 2639 vassallorum
1504 2617 1677 2641 nostrorum
1690 2622 1762 2650 quos
1777 2618 1871 2650 etque
1886 2614 1979 2651 hujus
1989 2615 2189 2646 alienationis

1225 2667 1353 2699 tempore
1372 2664 1401 2691 in
1419 2665 1527 2693 castris
1542 2665 1707 2694 habuimus
1731 2667 1915 2694 memoratis.
1934 2675 1950 2695 a
1971 2667 2094 2697 domino
2106 2677 2187 2706 papa

1221 2843 1245 2868 1.
1263 2842 1278 2868 8
1295 2841 1398 2868 few-ier
1418 2841 1492 2868 1233.
1510 2857 1543 2861 —
1563 2842 1749 2874 Accettante,
1768 2843 1803 2869 de
1825 2842 1956 2876 Paliano,
1973 2844 2043 2871 cede
2059 2854 2094 2872 au
2115 2855 2187 2881 pape

136 2890 159 2916 1.
176 2891 210 2917 ‘25
227 2890 331 2916 fevrier
351 2890 425 2918 1233.
449 2905 480 2909 -
503 2889 686 2916 Ratifieation
709 2889 744 2915 de
767 2889 848 2916 l’acte
865 2889 1034 2924 procedent,
1052 2899 1103 2924 par

96 2937 228 2970 banduli,
246 2938 318 2965 frere
335 2937 368 2964 de
385 2937 581 2964 Crescentius.
597 2953 627 2957 -—
644 2937 723 2964 Dans
740 2938 764 2964 le
780 2938 856 2971 titre,
875 2938 915 2964 les
932 2941 1006 2964 mois
1021 2942 1102 2964 entre

96 2986 229 3013 croehets
245 2990 294 3013 ont
314 2988 359 3013 όιό
375 2987 512 3022 ευρῃῐρῥε
528 2987 611 3021 apres
626 2994 712 3021 coup.

1184 2890 1323 2924 Gregoire
1339 2889 1398 2923 IX,
1416 2892 1581 2924 represent&
1602 2899 1652 2925 par
1667 2898 1719 2917 son
1736 2891 1812 2917 clm-c
1829 2891 1931 2927 Bobce,
1950 2896 2016 2919 tous
2032 2902 2080 2920 ses
2096 2895 2188 2922 droits

1184 2947 1234 2965 sur
1251 2938 1366 2964 Paliano
1383 2941 1410 2964 et
1427 2938 1561 2970 Seri-one,
1580 2946 1651 2972 pour
1667 2947 1723 2965 une
1739 2947 1849 2966 somme
1865 2940 1900 2966 de
1924 2941 1956 2968 36
1976 2941 2078 2973 livi-es,
2097 2946 2186 2978 payee

1186 2995 1235 3021 par
1250 2987 1276 3012 ie
1291 2986 1429 3013 camerim-
1448 2985 1558 3012 Beuoit.
