2392 3571
638 339 687 368 LE
712 339 857 369 LIBER
879 338 1112 370 CENSUUM
1135 339 1190 369 DE
1213 330 1401 370 L’IJJGLISE
1425 341 1634 372 ROMAINE.
2125 350 2184 380 495

129 413 185 442 que
201 406 325 434 concedo
339 405 462 434 nomine
472 405 678 442 predictorum
692 407 850 435 minorum
863 407 958 436 eidem
973 407 1096 436 domino

126 466 202 495 pape
218 458 345 486 liberam
358 462 534 495 potestatem
552 459 695 487 intrandi
709 464 734 488 et
752 459 924 496 accipiendi
937 468 993 497 per
1007 468 1035 488 se
1049 460 1096 488 vel

126 515 357 547 procuratorem
371 519 464 539 suum
474 512 656 540 auctoritate
668 513 797 549 propria
810 512 1023 549 possessionem
1035 520 1095 541 om-

128 563 217 591 nium
229 563 437 600 predictorum
448 568 474 592 et
487 563 627 598 habendi,
644 564 773 599 tenendi,
786 564 961 601 possidendi
971 564 1010 592 ad
1022 573 1096 601 opus

127 619 153 643 et
176 615 343 644 utilitatem
365 616 497 644 Romane
518 615 636 644 ecclesie
659 616 691 644 in
711 620 889 653 perpetuum
915 617 1021 645 omnia
1042 625 1096 645 su-

126 668 278 704 pradicta,
296 668 380 696 salvo
397 676 451 705 per
468 668 573 696 omnia
594 667 682 696 dictis
702 668 874 697 minoribus
893 672 919 697 et
937 668 1096 697 heredibus

127 728 229 748 eorum
248 724 389 756 perpetuo
407 719 486 756 quod
507 719 670 748 universas
688 720 886 756 possessiones
906 725 932 748 et
951 721 1025 749 bona
1047 729 1095 749 eo-

127 780 196 800 rum
215 771 385 800 immobilia
402 775 489 799 extra
507 771 696 799 munitiones
704 771 912 808 predictorum
923 776 1095 801 castrorum

123 824 223 860 posita
240 827 266 852 et
284 823 421 852 redditus
437 823 641 852 vassallorum
658 832 783 852 suorum
801 832 874 860 quos
889 829 915 853 et
931 833 986 861 que
1001 825 1096 861 hujus

127 876 326 904 alienationis
342 880 471 912 tempore
490 875 564 904 dicti
583 876 717 904 minores
742 877 773 905 in
795 877 904 905 castris
925 877 1095 906 habuerant

125 929 312 966 supradictis
327 937 345 957 a
358 929 482 957 domino
495 937 576 965 papa
591 933 617 957 et
635 929 768 957 Romana
781 929 905 958 ecciesia
923 931 954 958 in
966 930 1094 966 feudum

125 981 160 1010 de
175 986 270 1010 cetero
281 986 412 1016 teneant,
428 986 454 1010 et
469 981 579 1010 exinde
593 981 691 1018 ipsius
706 981 910 1019 dominipape
923 987 948 1011 et
964 983 1094 1011 Romane

125 1034 243 1062 ecclesie
259 1034 386 1062 vassalli
403 1035 465 1062 sint
480 1039 622 1071 perpetuo
639 1038 665 1062 et
683 1034 784 1070 fideles
800 1039 825 1063 el
845 1035 887 1063 cis
900 1039 1022 1072 propter
1041 1035 1094 1063 hoc

125 1087 297 1124 specialiter
312 1091 445 1124 prestent
462 1087 641 1124 homagium
655 1087 821 1124 personale.
843 1087 899 1116 Pro
917 1088 973 1116 hac
990 1093 1093 1117 autem

125 1139 299 1168 venditione
320 1148 372 1168 seu
392 1140 579 1168 alienatione
600 1144 627 1168 et
646 1139 811 1168 traditione
832 1140 973 1177 confiteor
987 1149 1033 1169 me
1054 1141 1094 1169 ad

126 1200 199 1229 opus
223 1196 249 1220 et
273 1200 381 1221 nomen
405 1191 613 1229 predictorum
635 1192 793 1220 minorum
818 1193 959 1229 recepisse
985 1197 1011 1222 et
1035 1193 1092 1221 lia-

125 1245 222 1273 buisse
241 1253 259 1273 a
280 1244 402 1273 domino
426 1244 582 1273 Benedicto
606 1244 725 1274 domini
742 1253 818 1282 pape
841 1246 1013 1274 camerario
1036 1254 1092 1274 no-

125 1297 209 1325 mine
224 1297 321 1334 ipsius
336 1297 455 1325 domini
467 1305 544 1334 pape
559 1297 690 1325 solvente
998 1298 1093 1327 libras

124 1350 272 1378 bonorum
295 1350 546 1386 proveniensium
567 1354 704 1384 senatus,
726 1350 760 1378 de
776 1350 886 1386 quibus
902 1359 947 1379 me
968 1351 1092 1379 nomine

123 1402 275 1431 dictorum
300 1404 458 1432 minorum
481 1403 550 1431 bene
572 1411 640 1431 voco
662 1403 815 1439 quietum,
839 1403 1009 1440 eoeceptioni
1031 1412 1093 1432 non

124 1459 284 1485 numerate
304 1455 430 1492 pecunie
447 1455 666 1483 renuntiando.
690 1455 725 1483 Et
744 1456 771 1484 si
788 1456 927 1492 predicta
947 1456 1015 1493 plus
1035 1465 1092 1485 va-

125 1508 195 1544 lent,
217 1512 312 1536 totum
329 1516 347 1536 a
359 1508 494 1544 presenti
509 1508 634 1536 nomine
647 1502 855 1544 predictorum
870 1508 1027 1537 minorum
1043 1509 1092 1537 do-

125 1561 211 1589 mino
237 1559 334 1599 [pape]
358 1565 384 1589 et
406 1561 537 1589 Romane
560 1560 678 1588 ecclesie
702 1560 778 1588 dono
799 1565 888 1597 atque
910 1561 1034 1590 concedo
1056 1561 1092 1590 in

122 1618 313 1652 perpetuum.
328 1613 363 1642 Et
377 1621 432 1650 pro
445 1612 591 1650 predictis
602 1613 743 1641 omnibus
752 1612 885 1649 firmiter
898 1614 1093 1643 observandis

121 1667 335 1704 procuratorio
362 1667 486 1694 nomine
512 1665 604 1694 dictos
628 1666 762 1694 minores
788 1671 814 1694 et
840 1675 946 1695 eorum
973 1667 1093 1696 heredes

122 1719 183 1756 ipsi
196 1719 319 1747 domino
336 1727 412 1755 pape
427 1722 453 1747 et
470 1719 601 1747 Romane
616 1718 732 1746 ecclesie
748 1718 842 1755 obligyo
855 1723 881 1747 et
897 1719 1003 1748 omnia
1016 1720 1092 1748 bona

123 1780 228 1800 eorum
245 1771 369 1800 mobilia
384 1775 410 1799 et
425 1771 609 1805 immobilia,
624 1771 778 1807 presentia
795 1775 821 1799 et
833 1772 954 1806 futura.
969 1772 1091 1801 Renun-

125 1824 230 1853 tiando
250 1825 284 1852 in
309 1824 372 1852 hiis
393 1824 535 1852 omnibus
562 1824 683 1852 nomine
703 1823 909 1860 predictorum
934 1825 1092 1853 minorum

124 1877 305 1914 omnijuris
323 1876 459 1910 auditio,
483 1876 625 1904 canonici
645 1880 670 1904 et
692 1876 811 1910 civilis,
835 1877 1050 1905 consuetudini
1067 1881 1094 1905 et

123 1934 244 1965 statuto,
262 1934 288 1958 et
304 1930 389 1958 omni
404 1930 571 1966 erccptioni
587 1929 701 1957 actioni
716 1934 741 1957 ct
759 1930 802 1957 rei
819 1938 874 1966 que
888 1935 1004 1967 possent
1016 1930 1092 1959 obici

124 1987 229 2011 contra
245 1983 486 2011 instrumentum
506 1982 551 2010 vel
565 1983 697 2017 factum,
721 1986 746 2009 et
770 1982 849 2018 quod
869 1982 944 2011 dicti
960 1984 1092 2011 minores

123 2036 228 2072 aliquo
245 2040 373 2072 tempore
388 2035 586 2071 <acceptionem
607 2035 736 2062 minoris
751 2035 839 2062 etatis
860 2035 894 2063 de
916 2040 1008 2063 cetero
1033 2044 1089 2064 non

124 2092 282 2125 opponent.
298 2088 381 2116 Hanc
396 2092 496 2116 autem
516 2087 718 2115 venditionem
739 2092 764 2115 ct
781 2088 976 2117 traditionem
989 2093 1014 2117 ct
1027 2097 1091 2117 om-

124 2141 181 2169 nia
198 2141 378 2178 supradicta
395 2141 540 2177 promitto
553 2148 610 2176 pro
624 2140 768 2176 predictis
788 2141 957 2169 minoribus
978 2146 1046 2169 rata
1066 2146 1093 2170 et

123 2193 216 2230 firma
232 2201 348 2230 semper
368 2193 474 2221 habere
497 2198 522 2221 et
540 2197 682 2229 perpetuo
703 2193 923 2221 inviolabiliter
937 2194 1092 2223 observare

124 2238 176 2275 nce
191 2250 295 2275 contra
318 2246 434 2279 venire,
455 2245 504 2273 sed
526 2245 553 2273 si
573 2254 646 2282 opus
669 2250 694 2273 et
716 2253 828 2274 neccsse
848 2247 944 2281 suerit
959 2247 1092 2283 legitime

125 2298 281 2334 defendere
293 2299 329 2327 ab
341 2299 427 2327 omni
439 2306 580 2335 persona.
595 2297 714 2332 Quodsi
729 2307 745 2325 a
761 2298 906 2334 predictis
923 2299 1092 2328 minoribus

121 2352 271 2388 premissa
288 2360 347 2380 non
361 2351 480 2386 suerint
500 2351 653 2378 observata
674 2351 721 2378 vel
739 2351 868 2387 quolibet
887 2350 970 2379 modo
990 2352 1092 2380 venire

122 2405 362 2442 presumpserint
379 2408 484 2432 contra
497 2403 647 2440 predicta,
659 2407 852 2439 pretaratam
863 2405 1026 2440 pecuniam
1042 2413 1090 2433 no-

124 2458 208 2486 mine
234 2466 308 2494 pene
333 2457 468 2495 duplum¹
482 2455 697 2493 procuratorio
722 2456 844 2483 nomine
860 2457 1006 2493 promitto
1029 2465 1091 2485 cos-

124 2510 191 2539 dem
224 2511 355 2538 minores
380 2509 503 2538 domino
525 2516 601 2545 pape
625 2512 651 2536 ct
681 2508 811 2536 Romane
837 2509 954 2537 ecclesie
978 2509 1092 2546 inteyre

123 2563 277 2592 soluturos
301 2567 326 2590 et
347 2570 426 2598 pena
452 2562 550 2589 soluta
571 2560 707 2597 predicta
737 2561 841 2589 omnia
871 2561 1092 2590 nichilominus

124 2616 217 2652 firma
238 2610 453 2651 permaneant.
482 2614 553 2642 Acta
578 2617 650 2641 sunt
675 2613 726 2641 hec
753 2614 942 2650 presentibus
971 2615 1092 2643 testibus

123 2667 303 2704 subscriptis
318 2667 357 2695 ad
373 2667 426 2694 hoc.
438 2666 610 2702 sln‘cialiter
626 2665 749 2701 royatis,
770 2665 882 2693 scilicet
899 2676 907 2693 .-

164 2720 302 2749 Johanne
319 2719 423 2747 Leonis
433 2718 539 2754 jttdice
555 2717 690 2751 Paliani,
710 2721 794 2752 teste,-

163 2773 251 2801 Petro
264 2772 368 2809 priore
381 2771 486 2800 Sancti
502 2770 673 2803 Pancratii,
693 2774 778 2805 teste;

164 2826 271 2853 Amato
286 2824 544 2861 archipresbytero
560 2822 594 2851 dc
608 2823 630 2850 Z
632 2822 781 2857 anchatis,
804 2827 891 2858 tesce;

166 2878 269 2907 Gentio
283 2877 462 2910 scriniario,
484 2879 568 2910 teste,-

166 2931 290 2959 domino
304 2929 470 2964 Frasnello,
490 2932 558 2957 teste
570 2937 578 2963 ,-

164 2988 192 3012 et
209 2983 349 3020 Greqorio
368 2983 506 3011 Brazoso.

1256 406 1291 434 Et
1307 415 1356 443 eqo
1370 407 1533 436 Riccardus
1549 409 1720 446 imperialis
1735 413 1805 441 aule
1822 414 2010 444 scriniarius
2024 416 2103 445 hanc
2116 426 2184 447 car-

1218 462 1278 486 tam
1293 459 1456 495 utriusque
1471 462 1571 496 partis
1589 470 1733 492 consensu
1749 466 1895 502 complevi
1911 473 2046 504 roqatus.

1256 561 1317 591 Sub
1331 563 1442 591 eisdem
1458 566 1578 593 testibus
1593 571 1619 594 et
1633 568 1732 596 eadem
1746 569 1794 598 die
1808 575 1879 598 ante
1890 573 2061 608 predictam
2078 577 2183 606 vendi-

1218 614 1331 642 tionem
1351 616 1476 651 factam⁷
1506 618 1537 645 in
1560 621 1713 655 presentia
1735 623 1794 650 mei
1816 623 1955 653 Riccardi
1971 628 2136 658 scriniarii
2155 635 2182 659 et

1214 666 1421 703 predictorum
1439 670 1575 705 testium,
1599 672 1638 699 ad
1657 674 1830 709 petitionem
1850 677 2056 713 predictorum
2078 682 2182 710 mino-

1217 727 1289 747 rum
1303 720 1393 749 datus
1407 722 1468 756 suit
1486 728 1610 751 curator
1622 726 1730 754 eisdem
1746 736 1763 755 a
1778 729 1911 764 predicto
1923 731 2059 761 Johanne
2075 734 2181 764 Leonis

1210 771 1316 807 judice
1333 773 1456 802 Paliani
1475 775 1645 811 predictum
1665 778 1788 807 Petrum
1807 781 1840 808 de
1860 782 1989 812 I’aliano
2004 785 2044 812 ad
2056 786 2179 822 predic-

1217 827 1282 852 tum
1300 825 1485 854 venditionis
1504 832 1530 855 et
1547 829 1745 859 alienationis
1761 837 1948 863 contractum
1966 838 2182 868 celebrandum

1215 881 1241 904 et
1254 877 1474 913 perficiendum
1489 888 1556 907 cum
1571 881 1695 910 domino
1708 892 1789 921 papa
1806 886 1850 913 vel
1867 896 1920 915 suo
1933 896 2132 925 procuratore
2146 892 2182 921 de

1215 930 1355 958 omnibus
1383 932 1570 967 supradictis
1595 934 1679 962 bonis
1702 937 1910 972 predictorum
1936 942 2093 971 minorum
2123 953 2181 981 que

1215 981 1385 1011 habuerant
1402 983 1437 1011 in
1457 985 1565 1012 eastris
1583 986 1708 1015 Paliani
1723 993 1748 1015 et
1762 988 1914 1025 Scironis,
1932 999 2022 1029 prout
2038 997 2181 1032 superius

1215 1038 1255 1062 est
1273 1042 1445 1071 cmpressum
1466 1036 1499 1065 in
1515 1037 1650 1073 predicto
1668 1040 1855 1070 venditionis
1874 1049 2040 1075 contractu.
2059 1048 2095 1075 Et
2109 1049 2181 1077 sub·-

1213 1091 1372 1123 sequenter
1382 1089 1516 1125 predicti
1530 1090 1672 1120 Nieolaus
1687 1097 1712 1120 ct
1731 1094 1890 1124 Diamante
1908 1098 2041 1127 minores
2055 1109 2181 1130 consen-

1216 1139 1322 1168 tientes
1339 1140 1416 1169 dicte
1434 1142 1605 1171 venditioni
1631 1149 1656 1172 et
1679 1146 1863 1175 alienationi
1881 1149 2025 1179 bonorum
2052 1162 2180 1182 suorum

1214 1192 1345 1221 Romane
1367 1194 1485 1223 ecclesie
1508 1196 1595 1231 facte,
1619 1198 1830 1233 promiserunt
1851 1200 1944 1230 libera
1967 1208 1992 1231 et
2014 1210 2180 1241 spontanea

1214 1245 1382 1280 voluntate,
1398 1248 1550 1284 corporali
1561 1249 1597 1276 ab
1613 1249 1655 1277 eis
1666 1258 1757 1287 super
1771 1257 1874 1281 sancta
1887 1256 2043 1291 crannelia
2054 1259 2182 1294 prestito

1207 1297 1404 1333 juramento,
1421 1300 1591 1336 predictam
1611 1302 1814 1332 venditionem
1833 1310 1858 1333 et
1877 1307 2092 1338 alienationem
2110 1319 2181 1340 cum

1213 1351 1353 1380 omnibus
1379 1353 1532 1381 tenoribus
1559 1354 1667 1383 ibidem
1693 1357 1838 1393 appositis
1860 1365 2003 1396 perpetuo
2028 1367 2127 1391 ratam
2155 1369 2182 1393 et

1213 1402 1339 1439 firmam
1354 1404 1461 1433 habere
1482 1410 1508 1434 et
1523 1406 1748 1436 inviolabiliter
1767 1409 1924 1439 observare
1943 1417 1969 1441 et
1992 1422 2051 1442 non
2075 1421 2181 1445 contra

1213 1456 1326 1490 venire,
1346 1456 1396 1484 scd
1410 1457 1544 1494 legitime
1560 1458 1715 1492 defendere
1730 1462 1765 1489 ab
1781 1463 1865 1491 omni
1879 1473 2020 1502 persona,
2037 1468 2090 1495 sub
2100 1477 2182 1505 pena

1211 1508 1308 1544 precii
1326 1508 1413 1545 dupli
1436 1518 1493 1546 pro
1513 1511 1594 1540 dicta
1617 1513 1790 1543 venditione
1805 1517 1922 1553 recepti,
1945 1522 1971 1546 et
1984 1527 2064 1555 pena
2080 1521 2181 1550 soluta

1211 1560 1349 1597 predicta
1364 1563 1469 1591 omnia
1488 1564 1710 1594 nichilominus
1725 1571 1793 1595 rata
1807 1576 2019 1604 permaneant.

1254 1613 1289 1641 Et
1303 1622 1353 1650 eqo
1375 1614 1536 1644 Riccardus
1557 1617 1730 1654 imperialis
1748 1620 1817 1648 aule
1836 1622 2024 1652 scriniarius
2040 1626 2181 1662 predicta

1213 1666 1318 1694 onznia
1342 1675 1445 1696 coram
1473 1669 1594 1698 testibus
1619 1672 1730 1708 scripsi
1753 1677 1780 1701 et
1807 1673 1837 1701 in
1864 1675 2019 1711 publicam
2044 1679 2181 1713 sormam

1213 1719 1324 1755 redeqi.

1173 1874 1387 1906 CCXXXIII.
1405 1893 1442 1898 —-
1457 1877 1607 1908 CARTULA
1618 1889 1820 1912 vsum‘moms
1833 1883 1946 1914 'raom
1959 1895 1998 1915 DE
2011 1887 2178 1920 GAL‘rssmo

1215 1937 1251 1956 m:
1266 1928 1375 1958 VALLE
1395 1929 1566 1960 MUNTONJS
1587 1941 1625 1961 ET
1647 1942 1758 1963 axonis
1775 1944 1847 1965 EJUS
1867 1947 1904 1966 DE
1924 1947 2013 1968 Box1s
2033 1949 2139 1971 EORUM
2153 1943 2177 1972 ¹.

1252 2033 1290 2061 In
1308 2035 1430 2063 nomine
1445 2036 1580 2071 Domini,
1597 2046 1698 2066 amen.
1715 2040 1803 2068 Anno
1820 2042 2049 2073 incarnationis
2065 2046 2181 2075 Christi

1213 2086 1377 2115 millesimo
1393 2088 1596 2117 ducentesimo
1618 2091 1769 2121 tricesimo
1790 2095 1892 2129 tertio,
1911 2097 2109 2133 pontificatus
2127 2099 2180 2128 do-

1213 2139 1294 2166 mini
1310 2139 1342 2167 G.
1357 2148 1433 2177 pape
1450 2141 1524 2169 noni
1539 2150 1622 2171 anno
1639 2149 1731 2179 sextm
1749 2154 1848 2174 mense
1862 2148 2024 2184 februarii,
2039 2151 2178 2187 ctz‘eXXV,

1213 2191 1382 2220 indictione
1396 2198 1490 2221 serta.
1508 2194 1565 2222 Nos
1585 2195 1712 2224 Thomas
1733 2197 1860 2227 Galterii
1878 2200 1911 2227 de
1933 2201 2009 2230 Valle
2024 2203 2181 2233 ,llantonis

1212 2247 1238 2271 ct
1252 2243 1419 2278 Mathildis⁷
1438 2246 1488 2273 vir
1501 2250 1526 2274 et
1542 2255 1629 2283 uror,
1646 2248 1702 2277 hac
1715 2249 1762 2277 die
1775 2253 1919 2287 presenti,
1938 2259 2038 2282 nostra
2050 2257 2179 2293 propria

1211 2300 1237 2323 et
1252 2300 1418 2332 spontanea
1436 2298 1604 2334 voluntate,
1628 2302 1789 2331 vendimus
1809 2308 1834 2331 et
1856 2305 2097 2336 irrevocabiliter
2114 2313 2180 2337 tra-

1212 2348 1316 2376 dimus
1332 2349 1386 2377 tibi
1403 2351 1548 2387 mayz'stro
1564 2353 1693 2388 Roffrido
1712 2355 1810 2383 l'berti
1826 2357 1860 2385 de
1876 2359 1895 2385 .-1
1903 2360 2018 2395 naynia
2032 2370 2180 2397 procura-

1214 2401 1291 2429 torio
1307 2402 1430 2430 nomine
1447 2411 1503 2439 pro
1519 2404 1642 2434 domino
1662 2416 1742 2447 papa
1764 2409 1887 2445 suisque
1907 2414 2126 2442 successoribus
2140 2414 2181 2443 ad

1213 2461 1286 2489 opus
1304 2457 1329 2481 et
1343 2454 1507 2483 utilitatem
1525 2456 1656 2485 Romane
1671 2460 1788 2488 ecclesie
1806 2461 1835 2488 in
1857 2467 2048 2499 perpetuum,
2071 2466 2180 2494 rideli-

1213 2511 1254 2534 cet
1270 2510 1360 2534 totam
1378 2511 1404 2535 et
1423 2508 1571 2544 inteyram
1588 2515 1704 2546 partem
1724 2517 1857 2541 nostram
1876 2523 1957 2543 rocce
1972 2521 1998 2544 et
2013 2519 2107 2546 castri
2120 2519 2180 2547 Pa-

1214 2560 1295 2587 liani
1310 2564 1336 2588 et
1354 2569 1432 2588 rocce
1447 2566 1474 2589 et
1485 2563 1579 2590 castri
1590 2563 1698 2592 Serron
1706 2565 1740 2599 is,
1758 2575 1825 2594 cum
1843 2566 1980 2596 domibus
1992 2574 2017 2597 ct
2032 2571 2180 2600 casalinis

1212 2612 1247 2640 in
1270 2612 1379 2640 eisdem
1402 2614 1495 2641 roccis
1514 2615 1597 2643 nobis
1618 2618 1851 2652 competentibus
1865 2628 1922 2655 pro
1944 2620 2042 2650 diviso
2065 2624 2108 2651 ccl
2129 2624 2179 2652 in-

1213 2664 1322 2699 diviso,
1335 2669 1360 2693 et
1376 2673 1445 2693 cum
1457 2667 1624 2703 omniJ'ure
1633 2668 1852 2704 fizrisdictionc
1864 2676 1890 2699 et
1900 2673 2027 2708 actione,
2041 2674 2179 2705 dominio

1213 2842 1235 2868 1.
1252 2840 1285 2867 Ξῖ)
1300 2840 1404 2867 Ῐένι·ἰει-
1429 2841 1507 2870 1233.
1529 2857 1563 2863 —
1582 2843 1707 2870 Thomas
1729 2845 1855 2872 Galterio
1878 2847 1913 2874 de
1939 2848 2128 2878 Valmontone
2149 2856 2179 2880 et

1173 2897 1205 2915 sa
1219 2889 1324 2916 femme
1345 2890 1482 2916 Mathitde
1497 2891 1622 2918 vendent
1637 2901 1673 2919 au
1690 2902 1761 2928 pape
1777 2894 1916 2929 Gregoire
1931 2896 1974 2923 IX
1985 2918 1991 2928 ‚
2010 2902 2177 2934 represent&

1173 2946 1224 2973 par
1243 2938 1343 2965 main-e
1365 2938 1501 2966 Rom-edo
1521 2940 1639 2975 Uberti,
1663 2942 1741 2969 leurs
1760 2943 1851 2970 droits
1867 2952 1917 2971 sur
1933 2945 2048 2974 paliano
2064 2952 2093 2975 et
2109 2950 2179 2977 Ser-

1173 2994 1253 3019 rone,
1271 2995 1343 3021 pour
1358 2986 1391 3014 80
1406 2987 1504 3021 livres,
1521 2991 1628 3024 payees
1643 2998 1694 3025 par
1706 2990 1732 3017 le
1747 2993 1886 3020 camerier
1901 2993 2015 3022 Benoit.
