2392 3571
648 342 697 372 LE
720 342 865 372 LIBER
887 341 1122 383 GENS-UUM
1146 342 1200 372 DE
1223 331 1411 372 L’FiGLISE
1434 342 1643 372 ROMAINE.
2134 342 2193 374 439

138 408 317 445 obliqatum⁷
335 408 415 436 illud
427 417 464 437 ca:
477 408 610 445 predicta
624 417 690 437 sum
697 417 745 437 ina
759 409 881 446 argenti
895 409 1068 445 recolliqere
1079 412 1105 437 et

139 460 310 498 eoeobtiqare
334 462 387 489 sub
415 461 557 496 inferiori
581 470 660 498 pena
684 463 906 499 promittimus.
931 462 966 490 Et
990 462 1017 490 si
1043 461 1104 489 ali-

139 513 262 550 quando
281 522 336 550 per
356 514 574 543 alienationem
597 515 643 542 vel
664 514 875 551 obligationem
900 523 919 542 α
938 514 1022 542 nobis
1038 515 1105 549 fac-

141 570 214 600 tam,
233 567 279 595 vet
292 575 311 595 a
325 566 461 604 predicto
476 566 599 595 domino
615 566 700 595 Petro
716 566 749 595 de
764 567 881 603 Atteyia
896 570 921 595 et
937 567 1002 594 suis
1019 566 1104 594 tiere-

138 618 227 647 dibus
238 619 284 647 vel
293 619 521 653 successoribus,
534 619 633 647 dictus
643 619 708 647 dom
716 619 786 647 inus
796 627 876 656 papa
889 623 915 647 et
927 626 1106 647 successores

140 671 204 707 ejus
228 671 274 700 vel
298 672 419 700 ecclesia
444 672 579 700 Romana
605 671 752 699 damnum
781 670 907 707 aliquod
924 671 1100 707 patientur,

139 724 250 760 quanti
259 724 317 752 crit
327 723 510 760 dampnum,
521 728 642 752 tantum
651 723 686 752 in
696 724 810 752 nostris
819 723 904 751 bonis
913 723 973 760 ipsi
982 723 1105 751 domino

137 784 213 812 pape
228 780 254 804 et
271 775 488 804 successoribus
503 776 567 811 esus
581 775 788 812 placentibus,
810 776 877 804 sine
887 775 974 811 juris
995 775 1105 811 offensa

138 832 164 856 et
180 828 316 864 alicujus
330 828 415 856 curie
427 827 677 864 proclamatione,
699 828 882 856 auctoritate
894 828 1021 865 propria
1032 828 1106 864 jure

136 880 277 916 pignoris
291 879 458 914 vendicent,
479 884 629 916 quantum
642 879 681 907 ad
694 879 807 908 dictam
819 888 971 908 summam
984 879 1106 916 argenti

136 932 277 969 pertinet.
296 932 332 960 Et
346 932 373 960 si
389 932 494 969 aliquo
511 931 597 960 modo
613 932 820 961 contradicere
834 932 1034 966 voluerimus,
1054 941 1106 960 ca-

138 984 248 1013 damus
267 993 286 1013 a
305 985 379 1021 jare
402 985 480 1021 quod
500 985 535 1013 in
558 985 667 1013 eisdem
691 985 776 1013 bonis
798 985 979 1018 habuimus,
1007 989 1034 1013 et
1056 985 1104 1021 ip-

138 1045 204 1065 sum
229 1037 397 1074 dampnum
419 1037 569 1075 dupplum
592 1038 650 1074 ipsi
666 1037 782 1066 ecclesie
797 1037 929 1066 Romane
943 1037 1056 1066 solvere
1068 1041 1105 1065 te-

140 1098 280 1118 neamur.
298 1090 356 1118 Pro
371 1098 429 1126 quo
448 1099 514 1118 vero
530 1089 677 1126 dampno,
696 1090 724 1118 si
737 1089 816 1126 quod
832 1090 924 1125 absit,
947 1089 1101 1125 acciderit,

139 1150 192 1171 nos
213 1143 382 1179 spetialiter
397 1143 565 1179 Jaquintus
582 1147 608 1170 et
623 1142 789 1171 Nicholaus
806 1142 965 1171 Andreotte
982 1143 1015 1171 in
1032 1142 1105 1170 soli—

139 1194 211 1222 dum
229 1199 332 1223 nostra
349 1195 435 1229 bona,
454 1199 604 1231 quantum
621 1195 661 1223 ad
676 1194 754 1223 illud
767 1196 907 1232 pertinet,
923 1195 1103 1232 obliqamus,

137 1251 164 1275 ct
181 1256 198 1275 a
214 1248 347 1276 Romana
364 1248 487 1276 ccclesia
504 1256 560 1285 pro
579 1247 664 1276 nobis
686 1252 712 1276 et
736 1248 847 1276 nostris
864 1248 1022 1276 heredibus
1034 1256 1106 1284 pre-

139 1301 223 1328 cario
247 1300 448 1336 possidemus,
480 1301 692 1329 renuntiantes
718 1309 805 1329 omne
823 1301 909 1338 J'uris
934 1301 980 1329 vel
1006 1301 1107 1338 leyum

138 1353 309 1387 auxilium,
327 1353 406 1390 quod
419 1362 477 1390 pro
494 1354 576 1382 nobis
590 1354 626 1382 in
642 1354 697 1382 hac
716 1362 806 1382 causa
825 1353 1034 1382 introductum
1052 1357 1102 1388 est,

138 1414 169 1433 eo
186 1405 264 1441 quod
276 1414 312 1434 esc
324 1410 412 1442 parte
424 1415 480 1443 pro
492 1407 566 1434 aliis
581 1406 809 1434 intercedimus.
830 1406 866 1434 Et
885 1406 993 1434 amodo
1008 1405 1108 1434 dietus

138 1457 283 1486 dominus
292 1466 374 1495 papa
389 1463 415 1487 et
430 1467 610 1487 successores
626 1459 691 1495 ejus
704 1467 738 1487 ac
755 1463 815 1487 tota
831 1459 968 1487 Romana
983 1458 1108 1487 ecclesia

139 1511 238 1548 quiete
252 1519 368 1547 semper
383 1515 409 1539 et
421 1511 548 1548 pacifice
563 1515 720 1540 maneant.
737 1511 773 1540 Et
785 1519 841 1548 pro
858 1511 941 1539 nobis
953 1515 979 1539 et
996 1511 1108 1539 nostris

139 1562 299 1591 heredibus
315 1567 342 1591 et
361 1564 580 1592 successoribus
599 1572 652 1592 nos
669 1572 771 1592 omnes
786 1563 917 1601 predicti
934 1563 1066 1592 masculi
1081 1568 1108 1592 et

138 1615 251 1650 semine
267 1616 350 1644 vobis
362 1624 417 1653 pro
433 1616 513 1645 dicto
531 1616 653 1645 domino
673 1625 753 1653 papa
769 1621 795 1645 et
809 1616 873 1644 suis
890 1616 1108 1645 successoribus

138 1672 166 1696 et
189 1672 249 1697 tota
270 1669 405 1697 Romana
433 1669 568 1705 eeclesia,
594 1678 650 1706 que
672 1669 752 1698 dicta
779 1674 851 1698 sunt
882 1669 986 1697 omnia
1009 1669 1107 1697 obser-

1227 416 1310 440 vare.
1328 408 1483 444 defendere
1498 413 1524 437 et
1538 409 1705 446 adimplere
1717 410 1928 447 promittimus
1941 410 1994 439 sub
2003 417 2082 447 pena
2097 409 2195 438 tocius

1225 460 1358 497 predicte
1373 469 1490 489 summe
1507 463 1629 499 arqenti
1644 462 1742 499 duple.
1767 463 1802 491 Et
1824 463 1922 491 soluta
1943 471 2032 500 pena,
2054 463 2104 491 hec
2120 471 2193 491 car-

1229 513 1294 541 tula
1307 513 1399 549 firma
1413 519 1601 550 permaneat.
1625 515 1720 548 Quam
1736 515 1864 544 scribere
1880 516 2058 552 rogavimus
2072 515 2192 544 Iohan-

1227 574 1295 594 nem
1318 566 1422 594 Leonis
1441 567 1643 595 scriniarium
1669 568 1699 596 in
1722 576 1819 596 mense
1841 572 1866 596 et
1893 568 2059 596 indictione
2079 576 2194 604 supra-

1227 619 1341 655 scripta
1359 627 1423 646 x111.

1267 671 1373 699 Petrus
1390 670 1578 699 sarracenus
1594 672 1745 699 „Iohannis
1763 672 1903 706 Kinardi,
1925 672 2016 700 testis.

1266 723 1382 751 Paulus
1397 723 1613 759 Malaqromus,
1629 724 1748 752 domini
1762 733 1838 761 pape
1856 724 1982 759 userius,
2004 724 2094 752 testis.

1268 775 1429 812 Greqorius
1440 775 1558 803 Johann
1566 776 1590 803 is
1604 776 1736 804 Bibentis
1749 784 1870 812 aquam,
1893 777 1984 804 testis.

1267 828 1419 857 ,lohannes
1438 827 1578 861 Oddonis,
1599 828 1688 855 testis.

1268 881 1408 909 Kalovita
1423 880 1509 916 filius
1525 880 1687 914 Racanelli,
1708 881 1800 908 testis.

1269 933 1452 961 Laurentius
1466 933 1627 967 Barbucia,
1643 933 1735 961 testis.

1267 1039 1326 1075 qu
1336 1038 1487 1067 Johannes
1498 1039 1602 1066 Leonis
1613 1043 1712 1066 sancte
1725 1038 1854 1066 Romane
1865 1038 1982 1067 ecclesie
1991 1038 2188 1072 scriniarius,

1227 1091 1338 1119 habens
1359 1095 1534 1127 potestatem
1559 1090 1655 1119 dandi
1682 1095 1792 1119 tutores
1814 1095 1840 1119 et
1864 1095 2029 1126 curatores,
2056 1090 2193 1119 emanci-

1224 1143 1322 1181 pandi
1336 1143 1444 1177 etiam‚
1469 1143 1622 1172 decretum
1642 1143 1859 1180 interponendi
1880 1148 1906 1171 et
1928 1143 2075 1172 alimenta
2091 1143 2193 1172 decer-

1229 1196 1330 1231 nendi,
1350 1196 1495 1232 complevi
1511 1200 1537 1224 et
1552 1195 1679 1224 absolvi.

1188 1379 1263 1406 CLX
1271 1379 1374 1406 XXIII
1389 1387 1416 1406 a.
1429 1393 1465 1400 —
1480 1379 1599 1406 Li'rTssnA
1616 1378 1763 1406 FnEm-:mcn
1779 1386 1857 1405 nmis
1873 1378 1975 1405 Simus
1990 1386 2093 1405 noumo
2108 1378 2193 1406 Ixxo-

1224 1437 1320 1456 CENTIO
1334 1437 1402 1456 mm:
1417 1437 1531 1455 DIRECTA
1547 1437 1631 1455 SUPER
1645 1436 1720 1455 MODO
1737 1436 1770 1454 ΕΤ
1784 1436 1884 1455 ORDINE
1901 1435 2068 1454 Enscrloxtm
2084 1435 2195 1454 FAOERN-

1224 1485 1317 1504 DAmm
1333 1485 1359 1503 IN
1375 1484 1509 1503 Echsssns
1524 1485 1606 1503 neom
1621 1479 1692 1503 SU1¹.

1225 1670 1430 1705 1.'R‹÷petition
1445 1669 1480 1696 de
1495 1670 1520 1696 la
1534 1669 1613 1704 pibee
1624 1675 1654 1695 n⁰
1669 1667 1906 1695 CLXXXVIIH.
