2392 3571
654 368 704 397 LE
729 368 872 397 LIBER
895 366 1128 397 CENSUUM
1154 366 1208 395 DE
1233 361 1419 396 L'EGLISE
1442 365 1651 395 ROMAINE.
2142 365 2197 394 521

142 440 169 464 et
182 435 422 464 irrevocabiliter
434 434 520 463 trado
533 435 626 463 libera
640 439 665 463 et
677 434 814 471 ewpedita
828 434 863 462 ab
876 434 960 462 omni
971 441 1110 470 persona.

141 487 236 517 Sulca
250 492 351 516 tamen
363 488 504 516 omnibus
514 491 540 515 et
555 487 688 523 sinqulis
702 486 735 514 de
746 486 966 514 communitate
977 485 1114 522 predicta

139 540 328 578 proprietate
352 540 511 568 domorum
534 547 665 567 suarum
688 547 763 575 quas
784 539 893 566 liabent
918 542 942 565 et
962 537 1114 574 possident

137 593 232 630 juxta
247 598 271 621 et
288 593 381 628 inifra
398 601 503 620 muros
517 592 611 620 castri
627 591 768 626 ejusdem,
785 595 810 619 et
823 591 1009 627 proprietate
1025 590 1115 618 bono-

143 654 217 674 rum
239 650 265 674 et
286 645 509 683 possessionum
536 652 665 672 suarum
692 652 747 680 que
772 648 798 672 et
819 651 894 679 quas
915 643 1061 671 hactenus
1082 643 1115 670 in

142 698 278 736 predicto
302 702 401 726 castro
428 698 510 725 intus
532 701 558 725 et
578 701 663 725 ατη-α
679 697 762 733 juste
781 696 934 732 possident
957 700 982 723 et
1006 696 1112 732 quiete.

146 751 204 779 Pro
229 759 290 788 qua
312 750 491 779 vendicione
511 753 536 777 et
557 749 726 777 tradicione
745 749 883 776 omnium
909 748 1117 784 predictorum

142 803 376 841 presencialiter
394 802 507 839 recipio
526 802 648 830 nomine
664 801 897 830 communitatis
911 800 1042 838 predicte
1058 809 1074 828 a
1093 805 1118 828 te

143 855 277 894 predicto
292 855 415 884 domino
431 855 604 897 camerario
620 854 744 882 nomine
760 854 858 890 ipsius
869 853 986 881 domini
1001 861 1077 890 pape
1092 857 1118 881 et

145 909 277 938 Romane
294 908 410 936 ecclesie
427 907 568 939 solvente,
589 906 674 934 mille
693 911 839 934 trecentas
855 906 949 934 libras
971 906 1116 934 bonorum

143 960 393 998 proveniensium
420 963 555 993 senatus,
585 967 661 995 quas
683 958 717 986 ‘in
740 959 873 995 presenti
898 958 1011 995 depono
1030 967 1119 995 penes

145 1014 306 1043 dominum
329 1012 535 1041 Crescencium
555 1015 695 1040 rectorem
713 1011 833 1045 Sabine,
849 1011 1015 1039 reddendas
1030 1016 1120 1048 atque

145 1065 305 1095 solvendas
318 1074 372 1103 pro
388 1065 604 1093 eoeoneracione
621 1064 786 1092 debitorum
800 1065 909 1101 quibus
921 1069 1038 1092 tenetur
1054 1065 1120 1093 dic-

148 1123 215 1148 tum
238 1123 371 1147 castrum
398 1118 597 1146 creditorilais
619 1117 804 1154 obimatum
827 1117 860 1145 de
881 1126 939 1154 qua
959 1122 1119 1154 pretaaata

147 1181 271 1201 summa
302 1172 429 1208 pecunie
460 1180 504 1199 me
533 1171 654 1199 nominc
690 1170 766 1198 dicte
792 1171 1025 1199 communitatis
1052 1171 1121 1199 bene

147 1234 218 1254 voco
241 1225 394 1261 quietum,
420 1224 587 1261 exceptioni
612 1232 671 1252 non
698 1228 856 1252 numerate
880 1223 925 1251 vel
947 1232 1007 1252 non
1026 1224 1121 1252 solute

147 1278 275 1316 pecunie
296 1277 520 1305 renunciando,
544 1277 579 1305 Et
600 1278 626 1305 si
648 1277 723 1314 quid
739 1278 843 1305 omnia
859 1277 1037 1315 supradicta
1052 1278 1122 1315 plus

149 1331 269 1364 valent⁷
297 1339 314 1357 a
341 1330 474 1367 presenti
502 1331 623 1358 nomine
655 1330 888 1358 communitatis
907 1330 1039 1367 predicte
1061 1331 1122 1367 ipsi

149 1382 273 1411 domino
296 1391 371 1419 pape
395 1387 420 1410 et
450 1383 580 1410 Romane
610 1382 728 1411 ecclesie
748 1383 821 1419 jure
844 1383 1020 1411 donationis
1046 1383 1123 1412 dono

149 1440 240 1472 atque
256 1435 379 1464 concedo
400 1435 490 1463 libere
514 1436 545 1463 in
567 1440 759 1472 perpetuum.
778 1435 862 1464 Hanc
880 1441 980 1464 autem
1001 1437 1123 1465 aliena-

151 1489 267 1517 cionem
289 1497 339 1516 sea
365 1488 571 1516 vendicionem
590 1492 615 1516 et
634 1487 833 1516 tradicionem
850 1493 876 1516 et
895 1497 962 1517 omn
971 1489 998 1517 ia
1012 1497 1123 1526 supra-

150 1541 232 1569 dicta
245 1541 370 1578 prestito
384 1549 402 1568 a
419 1549 464 1568 me
480 1541 680 1577 corporaliter
693 1540 726 1568 de
740 1541 866 1577 speciali
881 1542 1026 1570 mandato
1042 1551 1123 1571 com-

150 1594 317 1622 munitatis
328 1598 352 1621 et
365 1594 502 1621 omnium
515 1597 539 1621 et
554 1593 748 1629 sinyulorum
765 1594 796 1622 in
810 1594 974 1622 animabus
988 1595 1122 1631 ipsorum

150 1647 191 1676 ad
210 1651 315 1675 saneta
338 1646 494 1683 evangydia
511 1646 703 1682 juramento,
726 1647 872 1683 promitto
892 1651 960 1675 ‘rata
984 1652 1009 1675 et
1031 1647 1124 1684 firma

150 1708 267 1736 semper
289 1699 410 1733 babere,
436 1703 579 1735 perpetuo
604 1699 826 1727 inviolabiliter
845 1700 1000 1728 observare
1021 1704 1046 1728 et
1063 1708 1123 1728 non

151 1753 374 1787 contravenire,
392 1751 440 1779 sed
454 1752 480 1779 si
496 1760 570 1788 opus
584 1756 608 1779 et
626 1759 738 1779 neeesse
750 1752 856 1786 suerit.
874 1752 1006 1789 legsitimc
1022 1753 1124 1788 desen-

152 1805 220 1833 dere
234 1805 269 1833 ab
280 1805 517 1841 omnipersona.
535 1804 616 1837 Quod
627 1804 799 1841 siprcdicta
813 1805 917 1833 omnia
930 1813 989 1833 non
1006 1806 1125 1841 fuerint

151 1858 320 1891 observata,
334 1858 380 1885 ecl
394 1857 525 1894 quolibet
540 1857 626 1885 modo
635 1857 772 1893 predicta
788 1859 994 1886 communitas
1012 1860 1125 1887 venerit

151 1915 259 1940 contra
273 1911 441 1948 premissa,
464 1911 608 1947 promitto
632 1911 753 1938 nomine
769 1912 1002 1940 communitatis
1019 1917 1043 1940 et
1060 1921 1125 1940 om-

152 1965 244 1994 nium
267 1973 302 1993 ae
327 1964 523 2000 singulorum
545 1965 777 1992 communitatis
799 1965 928 2001 ejusdem
953 1966 1126 2002 predictam

149 2017 290 2055 precium
311 2018 432 2045 nomine
446 2026 520 2053 pene
536 2017 665 2054 duplum
682 2017 775 2045 eidem
799 2017 921 2046 domino
936 2027 1012 2055 pape
1028 2023 1053 2046 et
1070 2019 1126 2047 Ro-

152 2078 244 2098 mane
260 2070 378 2098 ecclesie
400 2070 512 2098 dictam
533 2071 783 2098 communitatem
804 2071 919 2107 integre
935 2071 1124 2105 soluturam,

153 2127 181 2152 et
206 2131 285 2160 pena
313 2123 412 2151 soluta
448 2123 542 2150 eciam
569 2127 639 2151 ante
664 2123 728 2151 litis
754 2123 923 2160 inpressum
949 2124 1126 2160 hujusmodi

153 2176 346 2206 vendicionis
358 2180 384 2204 et
397 2176 596 2204 alienationis
608 2180 783 2204 contractus
797 2177 825 2204 in
839 2185 892 2204 suo
903 2176 1127 2205 nichilominus

151 2229 256 2258 robore
274 2234 451 2266 perseveret.
472 2230 506 2257 Et
525 2229 556 2257 in
573 2229 635 2257 ltiis
653 2229 795 2257 omnibus
812 2229 935 2258 nomine
952 2231 1126 2258 communi-

154 2282 228 2311 tatis
240 2282 374 2319 predicte
390 2282 540 2310 renuncio
556 2282 738 2318 omnijuris
754 2283 874 2310 auxilio
891 2283 1031 2310 canonici
1046 2287 1071 2311 et
1088 2283 1126 2311 ci-

152 2335 238 2369 vilis,
252 2334 469 2363 consuetudini
482 2338 506 2362 et
517 2338 641 2367 statuto,
658 2335 808 2369 inlotam,
824 2339 849 2363 et
864 2335 1035 2371 specialiter
1049 2335 1127 2371 quod

153 2395 214 2416 non
230 2391 354 2424 opponet
366 2387 471 2423 atiquo
487 2392 615 2423 tempore
630 2387 764 2423 predicta
781 2388 986 2415 communitas
999 2396 1027 2416 se
1046 2389 1127 2416 ultra

155 2440 323 2469 dimidium
344 2440 424 2476 justi
445 2440 541 2476 precii
565 2440 608 2468 cel
623 2440 727 2476 aliquo
747 2440 831 2468 modo
850 2441 884 2468 in
900 2440 1036 2477 predicta
1056 2449 1128 2469 ven-

154 2493 275 2521 dicione
287 2493 381 2527 fnisse
396 2492 557 2529 deceptam
574 2496 599 2520 ct
616 2493 701 2520 omni
716 2492 775 2520 alii
791 2493 957 2529 eccceptioni
971 2497 996 2521 et
1013 2494 1057 2521 rei
1073 2503 1128 2530 que

152 2550 271 2583 possent
283 2545 361 2573 obici
373 2549 479 2573 contra
492 2545 544 2573 hoc
561 2545 800 2573 instrumentum
821 2546 864 2573 cel
879 2547 1006 2580 factum.
1021 2546 1128 2574 Actum

154 2598 241 2627 Reate
258 2598 292 2625 ¹in
310 2597 468 2633 presencia
489 2597 607 2625 domini
630 2597 758 2633 episcopi
778 2597 954 2626 Sabinensis
970 2602 994 2626 et
1011 2598 1130 2626 domini

158 2650 278 2678 Octonis
295 2650 395 2677 sancti
412 2649 529 2677 Nicolai
548 2650 579 2677 in
597 2658 715 2677 carcere
730 2650 873 2678 Tulliano
891 2651 1013 2678 diaconi
1026 2651 1130 2679 careli-

155 2702 252 2737 nalis,
288 2706 313 2729 et
340 2710 441 2729 coram
468 2701 647 2738 subscriptis
674 2702 794 2730 testibus
821 2702 860 2730 ad
885 2703 938 2731 izoc
959 2704 1131 2739 specialiter

155 2753 283 2791 rogatis,
301 2753 396 2781 silicet
412 2763 420 2780 :

202 2805 340 2841 Galfrido
354 2806 574 2835 archidiacono
594 2807 780 2836 Taurinensi
795 2812 880 2843 teste,-

195 2859 321 2887 domino
337 2858 474 2895 Aldoyno
492 2859 625 2897 episcopo
643 2859 857 2895 Cefalunsiensi
875 2864 960 2895 teste,-

196 2911 369 2940 Mei-coarat)
388 2912 494 2939 clerieo
512 2912 631 2940 domini
649 2913 778 2949 episcopi
793 2913 968 2941 Sabinensis
985 2918 1070 2948 teste,-

197 2964 346 3001 maqistro
364 2963 505 2992 Gualtero
521 2965 627 2993 elerico
643 2974 759 2993 camere
775 2969 861 3001 teste,-

195 3025 265 3052 ‘magy
277 3017 345 3044 *stro
366 3016 518 3045 I'almerio
535 3017 641 3046 clerico
657 3026 773 3046 camere
792 3022 878 3054 teste,-

262 3081 346 3107 lnmzn
366 3080 499 3108 Cssxsuun
530 3096 566 3101 —
586 3081 607 3109 l.

1274 433 1421 469 ‘magistro
1435 433 1566 460 Martino
1579 433 1687 461 clerico
1703 441 1818 461 camere
1834 437 1922 466 teste‚·

1275 485 1397 512 domino
1415 485 1584 513 Cresccneio
1602 490 1712 513 rectore
1727 485 1835 513 Sabine
1854 490 1942 518 teste;

1276 537 1398 565 Nicolao
1414 536 1447 564 de
1463 537 1609 565 Malliano
1626 542 1650 565 et
1667 538 1740 565 aliis
1758 538 1890 565 testibus.

1277 589 1310 616 Et
1334 598 1384 625 esso
1409 589 1557 617 Ricardus
1580 590 1751 626 imperialis
1774 590 1842 617 aule
1865 589 2053 617 scriniarius
2068 590 2120 626 qui
2137 598 2203 617 om-

1236 642 1327 670 nibus
1340 641 1485 677 predictis
1505 641 1632 675 interfui
1646 665 1652 677 ,
1676 642 1753 669 liam
1774 646 1887 669 cartam
1908 641 2037 677 fideliter
2051 642 2159 678 scripsi
2175 646 2203 670 et

1237 694 1382 730 complevi
1400 697 1533 729 rogiatus.

1200 850 1255 888 [2.]
1279 850 1401 879 Cartule
1420 850 1641 884 restitutionum
1667 849 1700 877 dc
1723 850 1817 877 debite
1841 850 1968 877 l'trienti
1987 850 2110 877 domino
2127 859 2202 886 pape

1240 912 1256 931 a
1274 902 1473 931 creditoribus
1489 902 1521 929 tle
1538 902 1657 930 Narnia
1671 903 1823 937 factarum
1841 911 1930 939 super
1945 903 2041 929 eodem
2057 905 2076 930 ¹.

1283 1009 1317 1036 In
1342 1009 1464 1036 nomine
1489 1007 1620 1035 Domini.
1649 1007 1734 1035 ,inno
1759 1008 1821 1043 (jus
1844 1008 2018 1035 initiritatis
2045 1007 2205 1034 millesimo

1244 1061 1429 1091 CCA'XXttIt„
1454 1060 1621 1088 indictione
1642 1060 1690 1087 VII
1714 1064 1738 1087 et
1759 1068 1840 1087 anua
1858 1060 1927 1101 itt]
1942 1060 2136 1096 pontificatus
2152 1060 2205 1087 (Io-

1242 1114 1323 1142 mini
1348 1113 1484 1149 Grcslorii
1513 1113 1596 1140 rlllt
1617 1122 1701 1149 pape,
1728 1121 1827 1140 mense
1849 1113 1974 1147 (malasti
1998 1112 2045 1139 (lie
2067 1112 2122 1139 XV.
2149 1111 2207 1139 Nos

1243 1167 1363 1204 quidem
1382 1166 1551 1195 Iiainaldus
1568 1165 1711 1194 Carbonis
1732 1169 1756 1192 et
1780 1164 1930 1192 Bcrardus
1952 1164 2056 1192 Mass-ci
2076 1164 2109 1191 (Ie
2125 1164 2206 1192 Xar-

1244 1221 1309 1253 nia,
1326 1220 1382 1247 liac
1398 1219 1445 1247 die
1465 1218 1597 1255 presenti
1621 1218 1747 1254 propria
1770 1222 1872 1244 nostra
1895 1217 1968 1244 bona
1993 1216 2145 1244 voluntate
2165 1225 2207 1244 re-

1245 1273 1448 1309 nunptiamus
1464 1271 1598 1299 cedimus
1615 1275 1640 1298 et
1662 1270 1848 1298 mandamus
1873 1270 1950 1297 cobis
1968 1269 2132 1296 Frescentio
2155 1268 2208 1296 do-

1243 1326 1324 1354 mini
1344 1333 1420 1362 pape
1443 1323 1618 1360 cappellano
1642 1327 1667 1351 ct
1695 1323 1840 1358 mayistra
1865 1322 2005 1358 Philippo
2027 1321 2060 1348 tle
2083 1321 2210 1349 Ccccano

1243 1377 1459 1414 recipientibus
1478 1375 1692 1412 procuratorio
1714 1375 1835 1402 nomine
1850 1383 1905 1410 pro
1927 1374 2050 1401 domino
2070 1374 2210 1409 Greyorio

1243 1439 1362 1459 summo
1376 1429 1516 1466 pontifice
1536 1429 1658 1464 ejusque
1681 1427 1898 1456 successoribus
1923 1427 1951 1454 in
1974 1430 2150 1463 perpetuum
2171 1425 2211 1453 ad

1245 1492 1318 1520 opus
1334 1487 1359 1511 et
1379 1482 1543 1510 utilitatem
1561 1481 1677 1509 ecclesie
1694 1481 1840 1513 Hormine,
1861 1479 1998 1508 videlicet
2014 1487 2101 1506 omne
2112 1479 2166 1514 jus
2184 1483 2211 1506 et

1245 1536 1391 1564 actionem
1425 1534 1599 1571 petitionem
1630 1537 1839 1570 competentem
1875 1532 1956 1560 nobis
1985 1536 2088 1560 contra
2120 1531 2210 1559 ecclc-

1245 1589 1322 1617 siam
1351 1588 1517 1615 Romanam
1548 1590 1573 1614 et
1601 1585 1760 1613 dominum
1788 1593 1899 1621 papam
1929 1584 2046 1611 ratione
2073 1591 2209 1612 ccxxxm

1246 1642 1398 1670 librarum
1423 1645 1448 1668 ct
1470 1648 1487 1667 x
1507 1639 1672 1667 solidorum
1699 1638 1883 1666 ltu-censium
1903 1645 1978 1673 quas
1999 1636 2212 1663 mutuavimus

1245 1693 1461 1723 communitati
1477 1692 1510 1719 de
1526 1696 1622 1720 castro
1641 1691 1780 1724 L’trieuli.
1801 1690 1878 1718 sicut
1895 1693 2017 1726 apparet
2040 1697 2093 1725 per
2107 1688 2211 1724 publi-

1245 1755 1315 1776 cum
1333 1747 1571 1774 instrumentum
1589 1744 1736 1780 seriptum
1754 1751 1808 1779 ptr
1827 1751 1950 1769 manum
1970 1741 2115 1769 I'rimerii
2131 1741 2210 1768 scri—

1244 1800 1356 1833 niarii,
1372 1798 1450 1835 quod
1467 1797 1665 1825 cancellatum
1687 1796 1765 1824 cobis
1782 1795 1938 1823 reddimus
1953 1799 1978 1821 et
1997 1794 2076 1821 dicta
2091 1794 2155 1829 rjus
2166 1793 2213 1821 cle-

1247 1853 1303 1881 leri
1314 1852 1501 1889 precipimus
1517 1854 1547 1878 ut
1562 1840 1669 1878 amodo
1685 1849 1744 1877 eim
1762 1849 1804 1876 rel
1819 1848 1910 1876 robur
1923 1847 2042 1875 nullum
2056 1847 2212 1882 optineant

1246 1910 1272 1933 et
1289 1905 1372 1933 nobis
1389 1913 1445 1932 non
1463 1903 1627 1940 proficiant
1643 1906 1668 1929 ct
1685 1901 1807 1929 domino
1822 1909 1895 1937 pape
1911 1905 1936 1927 ct
1949 1899 2066 1927 ecclesie
2083 1899 2213 1926 Romane

1245 1966 1307 1986 non
1331 1961 1465 1985 noceant.
1492 1955 1631 1983 sedimus
1657 1963 1772 1990 qtuusue
1795 1958 1820 1980 et
1848 1952 2032 1979 mandamus
2060 1952 2137 1979 robis
2160 1959 2214 1987 pro

1246 2010 1370 2039 domino
1386 2017 1465 2045 papa
1483 2012 1508 2036 ct
1525 2007 1646 2036 ecelesia
1664 2007 1797 2035 [toniana
1815 2014 1916 2033 omnes
1932 2004 2064 2033 actiones
2081 2004 2172 2031 reales
2188 2008 2214 2031 et

1245 2062 1424 2101 personales,
1450 2060 1540 2089 utiles
1561 2064 1586 2087 et
1609 2059 1747 2093 directas,
1770 2059 1877 2086 tacitas
1899 2062 1924 2085 et
1947 2065 2108 2093 cmpressas,
2133 2055 2214 2083 notas

1247 2121 1440 2154 competentes
1461 2120 1564 2144 contra
1586 2114 1723 2143 liomt'nes
1744 2114 1777 2141 de
1799 2117 1896 2140 castro
1920 2112 2044 2139 I'tricoli
2064 2110 2097 2138 de
2119 2110 2214 2138 debito

1250 2173 1280 2200 in
1300 2179 1357 2207 quo
1374 2170 1432 2206 ipsi
1451 2169 1629 2197 tenebantur
1649 2167 1741 2195 nobis.
1766 2166 1852 2194 Hanc
1877 2170 1975 2193 autem
2000 2164 2212 2198 refutationem

1248 2229 1274 2252 et
1290 2223 1448 2251 cessionem
1479 2221 1557 2249 robis
1575 2229 1630 2257 pro
1653 2219 1775 2248 domino
1796 2227 1875 2255 papa
1897 2222 1922 2245 ct
1945 2217 2066 2245 eeclesia
2084 2216 2218 2244 Itomana

1247 2276 1378 2312 facimus
1394 2275 1467 2311 quia
1485 2274 1578 2310 liquet
1597 2273 1679 2301 nobis
1703 2275 1836 2300 castrum
1861 2270 1990 2298 L‘trieuli
2013 2278 2079 2296 eum
2102 2277 2155 2296 suo
2175 2272 2217 2295 tc-

1249 2329 1385 2357 nimcnto
1397 2331 1421 2355 et
1438 2326 1578 2355 omnibus
1589 2325 1785 2362 pertinentiis
1800 2324 1864 2351 suis
1876 2322 1914 2350 ad
1931 2322 2089 2350 dominum
2103 2329 2216 2358 papam

1249 2386 1275 2410 et
1291 2381 1442 2410 ecclesiam
1463 2380 1629 2407 Ronutnam
1651 2378 1738 2415 pleno
1750 2377 1825 2413 jure
1842 2380 1989 2412 spectare,
2007 2379 2032 2402 et
2052 2374 2219 2410 recepimus

1248 2443 1267 2462 a
1286 2433 1365 2462 robis
1381 2433 1505 2461 nomine
1527 2431 1642 2459 ecclesie
1658 2427 1790 2457 Romane
1811 2436 1866 2464 pro
1889 2427 1973 2455 omni
1995 2426 2175 2462 obliyatione
2193 2429 2219 2453 et

1243 2487 1317 2523 jure
1330 2489 1429 2514 nostro
1441 2492 1477 2513 cc
1492 2484 1584 2511 lilwas
1596 2483 1741 2510 bonorum
1757 2480 1952 2513 luci-ensium,
1967 2479 2039 2515 quia
2054 2478 2117 2505 alia
2129 2486 2220 2514 pecu-

1252 2539 1305 2567 nia
1321 2546 1376 2574 (μισ
1392 2536 1604 2565 comitatuum·
1622 2535 1651 2562 in
1673 2535 1876 2562 instrumento
1892 2536 1955 2559 erat
1970 2539 2085 2564 usura;
2101 2530 2134 2557 de
2147 2530 2217 2566 qui-

1249 2591 1302 2619 bus
1317 2598 1368 2618 nos
1384 2589 1453 2617 bene
1469 2588 1584 2625 quietos
1603 2594 1753 2618 coeamus,
1772 2589 1797 2612 et
1814 2584 2013 2620 acceptionem
2034 2591 2090 2610 non
2111 2590 2218 2609 nume-

1251 2648 1316 2672 rate
1331 2652 1380 2671 seu
1400 2641 1537 2669 restitute
1554 2639 1677 2677 pecunie
1694 2637 1800 2666 amodo
1817 2644 1960 2673 opponere
1980 2633 2218 2672 ren(untiamus)

1251 2701 1276 2725 et
1292 2704 1409 2724 omnem
1431 2694 1526 2722 aliam
1544 2692 1743 2729 exceptionem
1762 2689 1884 2717 domino
1897 2697 1972 2725 pape
1988 2692 2013 2715 et
2032 2687 2148 2714 ecclesie
2163 2687 2219 2715 Ro-

1251 2874 1274 2900 1.
1293 2872 1392 2905 Nat-ni,
1410 2870 1498 2905 patuis
1514 2868 1668 2903 episcopal,
1688 2867 1716 2893 15
1728 2867 1795 2893 aotit
1810 2865 1886 2892 1234.
1904 2880 1936 2884 —-
1955 2863 2072 2890 stainam
2091 2863 2221 2889 Carbone

1214 2925 1243 2949 et
1257 2921 1363 2947 Berard
1381 2920 1503 2951 Massei,
1525 2918 1559 2943 de
1575 2916 1680 2948 Narni,
1698 2924 1730 2942 se
1746 2915 1892 2941 declarent
1907 2915 1994 2948 paytis
2010 2912 2044 2937 de
2062 2912 2086 2937 la
2102 2914 2221 2938 creance

1215 2971 1250 2997 de
1266 2969 1316 2996 233
1333 2970 1419 2995 livres
1438 2969 1466 2993 10
1481 2974 1550 2992 sous
1568 2965 1652 3000 qu'iis
1667 2964 1780 2990 avaient.
1794 2971 1844 2988 sur
1859 2963 1884 2988 la
1897 2969 2050 2987 commune
2064 2960 2221 2994 (ΓΟινίςοΙί,

1214 3019 1240 3045 le
1257 3026 1329 3053 pape
1343 3017 1404 3043 leur
1417 3019 1503 3049 ayant.
1517 3016 1598 3040 verse
1613 3013 1663 3039 200
1679 3013 1764 3038 livres
1778 3015 1805 3037 et
1820 3011 1843 3036 lc
1858 3010 1975 3043 surplus
1989 3011 2066 3034 etant
2081 3010 2220 3034 usuraire.

2047 3070 2080 3095 6ss
