2392 3571
88 338 144 368 482
627 337 676 366 LE
700 336 846 366 LIBER
868 334 1103 366 CENSUUM
1126 335 1181 364 DE
1203 324 1391 364 L'EiGLISE
1414 334 1627 365 ROMAINE.

124 402 176 428 Dei
204 402 294 435 gratia
321 401 395 428 tituli
421 404 519 428 sancte
549 400 654 428 Sabine
682 402 841 436 presbitero
868 401 1020 431 cardinali,
1048 400 1084 426 G.

123 449 308 476 miseratione
328 449 424 475 divina
448 449 607 483 patriarcha
629 449 894 480 Jerosolimitanus,
919 449 1035 476 humilis
1058 453 1086 475 et

122 497 259 530 indignus
279 497 436 531 apostolice
456 497 534 523 sedis
554 498 676 531 legatus,
693 498 814 524 salutem
835 502 863 524 et
883 501 938 524 tam
956 498 1084 523 debitum

122 553 206 580 quam
229 545 363 571 devotum
386 553 451 572 cum
475 545 554 572 omni
579 546 739 572 reverentia
761 546 939 573 famulatum.
965 545 1085 571 Noverit

87 693 115 715 et
137 689 204 723 qu'il
225 697 239 714 a
263 688 370 723 depose
391 692 467 715 cette
490 697 600 716 somme
622 690 691 716 chez
707 690 749 716 ies
768 689 941 724 Templum-S,
967 690 1002 715 οὺ
1030 689 1083 714 elle

83 740 129 763 est
147 738 162 762 ἐι
182 737 208 763 la
226 736 396 770 disposition
417 736 453 764 du
477 746 558 772 pape.
581 737 687 765 Giraud
709 746 808 770 cessa,
830 746 864 764 en
890 736 973 769 1232,
995 736 1083 762 d'etre

84 785 158 818 legat
174 784 316 818 pontifical
333 784 383 818 (Le
398 784 502 819 Quien,
521 786 566 812 Or.
584 787 698 817 Christ.,
716 790 734 813 t.
754 785 805 820 111,
823 795 849 821 p.
869 785 958 817 1256).

1204 404 1298 426 vesu-a
1321 400 1480 426 reveventia
1501 401 1568 434 quia
1588 400 1623 427 ad
1645 400 1810 428 mandatum
1834 404 1963 428 vestrum
1998 409 2015 428 a
2037 401 2180 436 magistro

1203 447 1353 482 hospitalis
1376 449 1468 474 sancti
1489 447 1631 475 Johannis
1657 448 1820 483 recepimus
1840 452 1958 475 eentum
1980 449 2129 480 marchas.
2149 452 2180 477 et

1202 495 1236 521 ab
1253 495 1421 522 officiaiibus
1438 496 1610 523 venerabilis
1626 496 1756 524 frati-is...
1773 497 1958 523 Acconensis
1978 497 2108 532 episcopi
2123 497 2180 524 du-

1201 547 1302 570 centas
1313 544 1348 570 de
1365 544 1542 571 helemosina
1554 544 1627 571 bone
1639 545 1809 572 memorie...
1821 544 2022 572 Norwicensis
2034 545 2177 580 episcopi,

1201 595 1230 618 et
1245 599 1296 618 eas
1313 591 1503 626 deposuimus
1524 593 1552 619 in
1574 593 1636 620 ioco
1655 596 1731 625 tuto,
1748 593 1884 620 videlieet
1903 593 1932 620 in
1953 593 2038 620 domo
2053 593 2178 628 Templi,

1203 643 1234 666 ut
1255 639 1290 666 ad
1313 640 1477 667 mandatum
1499 641 1597 668 domui
1620 650 1693 677 pape
1714 645 1743 669 et
1766 647 1912 674 vestrum,
1935 641 2180 677 quandocumque

1203 696 1323 715 neccsse
1340 689 1435 720 fuerit,
1453 689 1576 716 fideliter
1591 690 1800 726 expendantur.

1237 736 1273 763 Et
1288 741 1332 763 est
1352 737 1509 764 notandum
1526 739 1593 772 quia
1607 739 1659 765 has
1674 739 1783 766 litteras
1799 739 2028 774 habetldomnus
2048 737 2178 765 Thomas

1201 785 1354 812 cardinalis
1369 786 1510 820 sigillatas
1526 786 1621 822 sigillo
1639 788 1813 823 patriarche.
