2392 3571
113 343 170 371 490

153 412 178 435 et
207 405 377 442 accipiendi
401 413 455 441 per
480 412 508 431 se
535 404 578 432 cel
605 407 834 440 procuratorem
858 411 947 430 suum
980 402 1116 430 auctori-

154 464 211 487 tate
230 458 355 494 propria
379 457 590 494 possessionem
615 457 755 484 omnium
777 455 999 493 predictorum,
1018 460 1043 484 et
1060 455 1116 483 Ιια-

152 511 254 544 bendi,
275 510 395 538 tenendi
413 517 448 538 ac
465 509 655 546 possidendi,
677 508 716 537 ad
737 517 810 546 opus
828 513 853 537 ei
871 509 1036 536 utilitatem
1062 509 1117 536 Ro-

152 573 241 592 mane
256 563 372 591 ecclesie
389 563 421 590 in
435 566 613 599 perpetuum
634 562 739 590 omnia
755 561 934 599 supradicta
942 573 951 596 ;
968 562 1051 590 salco
1064 570 1118 598 per

151 616 254 645 omnia
274 615 355 643 nobis
374 619 399 642 et
418 614 576 642 heredibus
591 623 624 642 ac
639 614 860 642 successoribus
882 615 993 642 nostris
1011 623 1118 651 perpe-

154 674 202 697 tuo
218 668 296 705 quod
314 667 473 695 universas
485 667 681 703 possessiones
697 672 721 695 et
738 667 814 695 bona
832 672 932 695 nostra
945 667 1117 696 immobilia

152 727 236 750 cetra
262 721 448 748 munitiones
467 719 671 756 predictorum
696 725 865 748 castrorum
883 720 982 757 posita
1003 725 1028 748 et
1051 720 1118 748 red-

151 775 234 803 ditus
251 774 451 802 vassallorum
476 777 650 801 nostrorum
672 781 744 809 quos
764 778 788 801 et
810 782 865 810 que
884 774 978 810 huju-s
997 774 1118 802 aliena-

153 828 245 856 tionis
269 831 397 863 tempore
419 827 451 854 in
472 826 580 854 castris
603 826 767 855 habuimus
789 827 978 861 memoratis,
1001 827 1037 854 ab
1057 827 1119 863 ipso

151 881 366 916 dominopapa
382 883 406 907 et
427 879 561 907 Romana
577 879 697 908 ecelesia
724 880 756 907 in
773 879 899 915 feudum
917 879 951 908 cle
967 883 1060 908 cetero
1077 884 1118 908 te-

151 942 288 966 neamus,
307 937 332 960 et
349 931 457 960 exinde
472 932 568 968 ipsius
581 931 701 960 domini
716 940 790 969 pape
807 940 842 960 ae
857 933 988 960 Romane
1003 932 1119 960 ecclesie

151 985 279 1015 <vassalli
298 985 394 1013 simus
408 988 550 1021 perpetuo
568 989 592 1012 et
609 984 722 1021 fideles,
743 989 767 1012 et
786 985 827 1013 eis
840 989 963 1021 propter
982 985 1036 1013 hoe
1053 993 1118 1021 spe-

150 1039 272 1067 cialiter
284 1042 452 1074 prestemus
470 1037 646 1073 homagium
662 1037 829 1073 personale.

190 1092 248 1119 Pro
264 1098 324 1127 qua
343 1090 514 1118 venditione
527 1098 579 1118 seu
598 1090 784 1118 alienatione
802 1094 826 1117 et
844 1090 1008 1118 traditione
1023 1090 1117 1126 eonsi-

151 1150 252 1173 temur
271 1152 321 1172 nos
339 1143 479 1180 recepisse
496 1152 513 1171 a
530 1143 654 1171 domino
670 1143 826 1171 Benedicta
842 1142 960 1170 domini
976 1152 1051 1179 pape
1067 1151 1118 1170 ca-

151 1197 285 1224 merario
309 1197 431 1224 nomine
454 1196 551 1232 *ipsius
572 1195 689 1223 domini
710 1204 786 1231 pape
807 1199 833 1223 ct
852 1195 983 1223 Romane
1002 1195 1119 1223 ecclesie

152 1250 236 1278 nobis
244 1249 374 1277 solvente
382 1248 506 1276 sedecim
519 1248 613 1276 litn·as
623 1248 766 1275 bonorum
776 1256 830 1284 pro
837 1256 887 1275 een
896 1248 1023 1275 iensium
1035 1256 1118 1275 sena-

153 1307 210 1336 tus,
230 1302 263 1329 cle
282 1301 390 1338 {litibus
411 1309 463 1328 nos
479 1301 547 1327 bene
564 1301 677 1337 iptietos
698 1308 853 1335 coeamus,
873 1301 1042 1337 acceptioni
1059 1308 1119 1328 non

151 1358 310 1383 numerate
324 1353 451 1390 pecunie
471 1352 698 1386 renuntiruzdo;
719 1357 744 1380 et
759 1353 785 1380 si
799 1352 935 1389 predicta
957 1353 1032 1380 bona
1049 1353 1119 1389 plus

151 1407 262 1441 valent,
287 1410 378 1434 totum
405 1415 421 1433 a
443 1405 576 1441 presenti
599 1405 691 1432 eidem
711 1404 833 1432 domino
850 1413 926 1441 pape
942 1409 967 1432 et
989 1405 1118 1432 Romane

149 1460 267 1487 ecclesie
283 1458 433 1485 donamus
447 1462 534 1493 atquc
553 1457 744 1485 concedimus
762 1457 851 1485 libere
871 1457 901 1484 in
922 1461 1114 1493 perpetuum.

189 1512 247 1539 Pro
271 1511 380 1547 quibus
405 1510 545 1538 omnibus
566 1510 699 1545 lirntitet·
721 1514 745 1537 et
766 1509 898 1545 fideliter
922 1509 1118 1537 observandis

149 1565 253 1593 omnia
268 1564 342 1591 bona
358 1567 460 1590 nostra
478 1563 599 1590 mobilia
611 1566 637 1589 et
651 1562 818 1590 immobilia
838 1562 895 1598 ipsi
908 1562 1031 1590 domino
1043 1571 1118 1599 pape

149 1618 271 1653 suisque
297 1616 515 1644 successoribus
540 1615 710 1651 oblissamus
734 1619 760 1642 et
789 1615 888 1643 eatlem
915 1620 1039 1652 propter
1064 1616 1118 1644 hoe

150 1669 320 1707 specialiter
341 1668 481 1705 precario
506 1676 557 1696 nos
581 1668 616 1695 ab
646 1668 688 1695 eis
715 1668 932 1695 constituimus
953 1668 1115 1704 possidere.

150 1721 364 1750 Renuntiando
388 1721 420 1748 in
442 1719 502 1748 hiis
523 1720 663 1749 omnibus
684 1721 769 1748 omni
786 1720 873 1757 juris
888 1721 1008 1749 anxilio
1024 1729 1117 1750 eano-

151 1775 214 1803 nici
230 1779 254 1803 et
271 1774 384 1808 civilis⁷
403 1774 618 1802 consuetudini
635 1778 659 1801 et
677 1777 804 1807 statuto,
822 1778 848 1801 et
866 1773 944 1810 quod
961 1782 1019 1802 non
1037 1774 1118 1802 dice-

150 1836 218 1855 mus
234 1827 338 1863 aliquo
356 1831 484 1863 tempore
503 1834 555 1854 nos
573 1826 602 1853 in
618 1826 756 1863 predicta
778 1825 948 1854 venditione
969 1827 1049 1855 ultra
1069 1827 1118 1855 (li-

153 1880 282 1907 midium
302 1879 382 1915 justi
397 1879 494 1916 precii
518 1888 569 1906 nos
583 1879 678 1913 fuisse
695 1878 834 1915 deceptos,
856 1883 880 1906 et
899 1880 983 1907 omni
1003 1880 1120 1908 actioni

151 1932 317 1969 eafeeptioni
335 1936 358 1959 ct
376 1932 420 1959 rei
439 1940 494 1967 que
510 1935 626 1967 possent
643 1931 719 1959 obici
735 1935 840 1959 contra
856 1931 910 1959 boe
928 1932 1119 1960 instrumen-

152 1990 214 2014 tum
236 1986 278 2013 cel
291 1986 418 2020 fta-tum.
436 1984 522 2012 Hanc
540 1989 639 2012 antem
659 1984 860 2012 venditionem
879 1989 904 2012 et
921 1977 1116 2013 traditionem

151 2043 175 2067 et
194 2038 299 2066 omnia
314 2037 489 2073 supradicta
505 2037 907 2073 promillimusjuramento
920 2046 937 2066 (ι
955 2039 1037 2065 nobis
1052 2047 1119 2066 eor-

149 2092 297 2129 poraliter
310 2091 434 2126 prestito
454 2094 520 2118 rata
537 2095 561 2118 et
580 2090 673 2126 firma
688 2099 803 2127 semper
821 2091 928 2118 babere
944 2095 968 2119 et
989 2092 1018 2119 in
1027 2091 1118 2119 viola-

152 2145 253 2173 biliter
269 2145 424 2172 obseruare
440 2148 465 2171 et
483 2153 539 2171 non
560 2148 664 2171 contra
687 2144 805 2178 uenire,
823 2143 872 2171 secl
889 2144 915 2171 si
935 2153 1009 2181 opus
1024 2149 1048 2172 et
1065 2153 1118 2172 ne-

151 2208 224 2227 cesse
239 2198 334 2233 suerit
351 2197 482 2233 leyitimc
499 2196 654 2232 tlefi‘ndere
672 2197 707 2223 ab
729 2197 815 2224 omni
832 2205 971 2233 persona.
996 2197 1078 2230 Quod
1092 2198 1118 2225 si

148 2250 284 2288 predicta
305 2249 410 2277 onznia
428 2258 444 2277 a
464 2249 546 2277 nobis
567 2254 591 2277 et
616 2249 774 2277 heredibus
794 2250 905 2277 nostris
921 2258 982 2278 non
998 2251 1117 2285 suerint

151 2304 303 2331 observata
325 2303 369 2330 cel
390 2302 516 2337 quolibet
538 2302 624 2329 'modo
648 2303 820 2330 venerimus
842 2307 947 2330 contra
969 2303 1114 2339 predicta,

149 2355 360 2392 promittimus
382 2364 433 2382 nos
452 2354 616 2391 predictam
639 2355 801 2391 pecuniam
827 2356 950 2383 nomine
968 2365 1043 2392 pene
1059 2356 1117 2384 ‹lu-

150 2408 232 2445 plum
256 2408 347 2435 eidem
373 2407 494 2435 domino
518 2416 593 2443 pape
615 2407 737 2443 suisque
761 2408 978 2435 suecessoribus
1005 2409 1118 2446 integre

151 2461 314 2493 soluturos·⁷
333 2464 356 2487 et
370 2468 446 2495 pena
458 2460 557 2487 solnta
573 2460 588 2487 b
597 2460 665 2496 ujus
683 2460 867 2489 venditionis
878 2465 903 2488 et
918 2461 1118 2490 alienationis

152 2517 323 2541 contrat-tus
355 2513 384 2539 in
413 2520 467 2539 sua
502 2512 723 2540 nichilominus
753 2517 931 2549 permaneat
957 2513 1116 2550 firmitate.

152 2568 256 2594 Actum
275 2570 313 2593 est
330 2566 381 2593 boc
400 2566 587 2601 presentibus
607 2566 728 2594 testibus
744 2566 783 2594 ad
804 2566 856 2594 hoe
878 2567 1051 2603 specialiter
1068 2576 1119 2596 ‘ro-

151 2619 243 2655 flatis.
266 2618 377 2645 seilicet
392 2627 401 2644 .·

191 2670 328 2698 ‚Iohanne
344 2670 447 2697 Leonis
458 2670 562 2706 Judice
579 2670 766 2705 l’alianensi'v
788 2675 873 2705 teste,-

193 2722 277 2750 Petro
290 2722 393 2758 priore
408 2722 506 2750 sancti
523 2723 684 2750 Paneratii
699 2723 868 2759 Anawiint‘,
891 2728 959 2752 teste
971 2733 979 2758 ‚·

196 2774 305 2801 Thoma
320 2773 353 2801 ele
371 2774 493 2808 Posano,
516 2778 601 2808 teste,-

198 2827 315 2862 L‘nyaro
329 2826 360 2853 de
377 2827 515 2861 Politian,
537 2831 620 2862 testc‚·

194 2878 330 2906 ¹Iohanne
347 2878 379 2905 de
394 2879 532 2914 Paliano,
555 2884 640 2914 teste‚·

197 2930 339 2965 maaistro
355 2930 469 2965 Amato,
492 2935 580 2965 teste;

196 2986 222 3009 et
237 2982 370 3018 Spinello
386 2981 419 3009 de
434 2982 529 3016 Senis,
546 2987 623 3012 teste.

661 337 709 366 LE
733 337 878 366 LIBER
901 335 1135 366 CENSUUM
1159 335 1214 364 DE
1237 330 1425 364 L'EGLISE
1449 335 1659 364 ROMAINE'.

1278 402 1312 429 Et
1343 410 1392 438 eyo
1421 402 1585 430 Riccardus
1616 401 1787 439 imperialis
1814 402 1883 430 aule
1911 402 2100 430 scriniarius
2127 402 2208 431 hane

1238 458 1356 482 cartam
1373 453 1406 481 de
1423 455 1584 490 utriusque
1602 455 1701 491 partis
1722 462 1868 482 consensu
1889 454 1998 490 scripsi
2017 458 2042 482 et
2060 454 2209 492 complevi

1239 511 1374 543 roqatus.

1200 665 1411 696 CCXXVIH.
1435 682 1472 688 -
1495 665 1645 695 CAnTaLA
1661 665 1817 695 TflouAsn
1833 665 1993 695 Officloms
2009 674 2048 694 ET
2063 665 2209 695 Onommz

1240 728 1351 749 nxoms
1366 727 1439 748 13]th
1456 728 1494 748 DE
1510 727 1700 748 VENmeoNE
1715 727 1864 749 BONORUM
1881 727 2009 748 SUORUM
2021 719 2043 747 ¹.

1278 826 1313 854 In
1333 825 1454 853 nomine
1470 825 1603 858 Domini,
1624 833 1724 854 amen.
1741 825 1828 853 Anno
1849 824 2074 853 incarnationis
2093 823 2209 853 Christi

1240 878 1403 906 millesimo
1422 877 1625 905 ducentesimo
1649 877 1800 906 tricesimo
1820 877 1917 911 tertio⁷
1937 876 2134 914 pontificatus
2154 877 2209 905 do-

1240 931 1320 958 mini
1346 930 1483 966 Greanii
1500 938 1576 967 pape
1600 930 1672 958 noni
1697 938 1779 958 anno
1800 934 1891 963 seatio,
1919 938 2017 958 mense
2038 929 2205 965 februarii,

1239 983 1287 1011 elie
1306 984 1384 1018 XXV,
1410 983 1574 1011 indictione
1589 987 1684 1011 seoeta.
1701 983 1758 1011 Nos
1777 983 1904 1011 Thomas
1923 982 2034 1011 Odonis
2056 983 2211 1011 Obieionis

1239 1041 1264 1064 et
1285 1036 1412 1064 (tdolina
1430 1036 1552 1071 mulier,
1575 1037 1623 1064 cir
1638 1040 1663 1064 et
1681 1044 1768 1071 umor,
1788 1036 1843 1065 liae
1859 1036 1906 1064 die
1919 1037 2063 1073 presenti,
2079 1037 2210 1074 propria

1239 1094 1265 1117 et
1283 1093 1449 1126 spontanea
1471 1089 1626 1117 voluntate
1652 1088 1811 1117 vendimus
1831 1093 1858 1117 et
1880 1089 2120 1117 irrevocabiliter
2143 1093 2210 1117 tra-

1239 1141 1342 1169 dimus
1360 1142 1415 1170 tibi
1433 1142 1578 1177 manis-tro
1591 1141 1721 1178 Roffrido
1740 1142 1837 1170 Uberti
1855 1142 1889 1170 de
1904 1142 2048 1178 Anagynia
2061 1149 2210 1179 procura-

1240 1195 1354 1222 ratorio
1382 1195 1505 1223 nomine
1528 1194 1688 1231 recipienti
1711 1203 1766 1231 pro
1790 1194 1914 1223 domino
1937 1203 2016 1232 papa
2039 1199 2066 1223 et
2093 1203 2210 1223 succes-

1238 1247 1356 1275 soribus
1379 1247 1456 1280 suis,
1485 1247 1524 1275 ad
1550 1255 1624 1284 opus
1643 1251 1668 1275 et
1686 1247 1853 1275 utilitatem
1881 1247 2010 1276 Romane
2033 1247 2151 1276 ecclesie
2174 1247 2209 1276 in

1235 1304 1430 1336 perpetuum,
1454 1299 1592 1328 videlieet
1609 1304 1699 1328 totam
1722 1304 1748 1328 et
1770 1301 1918 1337 integyram
1934 1304 2051 1337 partem
2070 1304 2209 1328 nostram

1240 1361 1319 1380 roece
1341 1356 1366 1379 et
1389 1352 1484 1380 castri
1506 1352 1631 1380 Paliani
1652 1357 1678 1380 et
1701 1360 1782 1380 rocce
1797 1361 1831 1379 ac
1849 1353 1944 1380 castri
1962 1352 2113 1385 Serranis,
2138 1360 2208 1381 eum

1237 1405 1375 1433 domibus
1390 1409 1415 1433 et
1431 1405 1580 1433 casalinis
1597 1405 1679 1433 nobis
1697 1405 1780 1440 infra
1798 1405 1912 1433 easdem
1931 1414 2029 1433 roccas
2045 1409 2209 1442 competen-

1239 1457 1318 1485 tibus
1333 1462 1359 1485 et
1376 1466 1443 1485 cum
1462 1458 1630 1493 omnijure
1640 1457 1860 1493 jurisdictione
1878 1462 1904 1486 et
1924 1458 2053 1491 actione.¹
2071 1457 2210 1486 dominio

1237 1514 1263 1538 et
1283 1510 1403 1545 bonorevv
1431 1514 1457 1537 et
1480 1514 1542 1538 tam
1566 1510 1598 1538 ¹in
1626 1510 1767 1538 vassallis
1791 1518 1882 1546 (Juam
1912 1511 1941 1538 in
1967 1511 2065 1545 terris,
2098 1510 2206 1546 vineis,

1234 1563 1352 1599 pratis,
1380 1563 1544 1598 montibus,
1572 1563 1710 1597 cottibus,
1728 1563 1887 1599 planitiis,
1908 1563 2047 1600 pascuis,
2070 1564 2160 1600 aquis
2182 1567 2209 1592 ei

1238 1615 1327 1644 silvis
1346 1623 1380 1642 ac
1400 1615 1641 1643 comunitatibus
1661 1616 1837 1649 uniuersis,
1863 1616 1941 1644 sicut
1965 1615 2048 1644 nobis
2072 1620 2097 1644 ei
2121 1616 2209 1644 here-

1238 1668 1326 1696 dibus
1341 1668 1452 1696 nostris
1468 1672 1640 1704 competunt
1657 1668 1686 1696 in
1702 1668 1847 1705 predictis
1861 1668 1970 1696 eastris
1987 1669 2070 1697 intus
2083 1673 2108 1697 et
2121 1672 2210 1697 extra

1235 1730 1291 1758 pro
1310 1721 1408 1749 diviso
1427 1721 1470 1749 vel
1491 1720 1627 1749 'indiviso
1646 1729 1701 1757 per
1725 1725 1817 1749 totum
1841 1720 2012 1749 eorumdem
2035 1725 2209 1749 castrorum

1239 1774 1430 1802 territorium
1456 1777 1482 1801 et
1504 1773 1695 1807 districtum,
1718 1777 1744 1801 et
1761 1773 1907 1810 quiequid
1924 1782 1976 1801 nos
1994 1773 2038 1802 vel
2055 1773 2119 1801 alia
2136 1781 2210 1810 per-

1237 1834 1309 1853 sona
1333 1834 1387 1862 pro
1410 1825 1493 1853 nobis
1511 1825 1544 1853 de
1561 1825 1709 1862 predictis
1727 1826 1867 1853 omnibus
1886 1825 2076 1862 possidemus
2098 1834 2116 1854 a
2136 1834 2208 1862 pre-

1237 1879 1316 1906 senti
1329 1879 1547 1907 eonstituimus
1563 1887 1615 1906 nos
1633 1878 1754 1906 nominc
1769 1879 1900 1906 Romane
1913 1879 2030 1907 ecclesie
2043 1878 2204 1915 possidere,

1238 1936 1264 1959 et
1281 1932 1391 1959 (lamus
1413 1936 1502 1968 atque
1523 1931 1715 1959 concedimus
1732 1931 1791 1967 ¹ipsi
1810 1931 1933 1959 domino
1947 1940 2023 1968 pape
2042 1932 2163 1969 plenam
2181 1935 2208 1960 et

1238 1984 1363 2011 liberam
1382 1988 1557 2020 potestatem
1580 1983 1722 2011 intrandi
1743 1988 1767 2011 ct
1791 1984 1963 2020 accipiendi
1982 1993 2035 2021 per
2049 1993 2077 2012 se
2096 1983 2140 2012 vet
2154 1992 2210 2020 per

1235 2041 1466 2073 procuratorem
1496 2045 1585 2064 suum
1620 2036 1802 2064 auctoritate
1831 2037 1958 2073 propria
1993 2037 2208 2073 possessionem

1238 2090 1376 2118 omnium
1401 2090 1619 2126 predictorum,
1643 2094 1668 2117 et
1692 2089 1822 2117 habendi
1846 2089 1966 2118 tenendi
1985 2094 2010 2117 et
2034 2089 2210 2127 possidendi

1238 2142 1277 2171 ad
1294 2150 1367 2178 opus
1385 2147 1410 2170 et
1429 2142 1591 2170 utilitatem
1611 2142 1741 2170 Romane
1758 2142 1876 2170 ecclesie
1897 2142 1926 2170 in
1944 2146 2123 2179 perpetuum
2142 2150 2208 2170 om-

1240 2195 1292 2223 nia
1316 2194 1507 2231 susn'atlieta,
1533 2195 1616 2222 salvo
1637 2203 1691 2230 per
1711 2194 1815 2222 omnia
1843 2194 1926 2221 nobis
1948 2198 1973 2221 et
1999 2194 2157 2222 heredibus
2182 2197 2210 2221 et

1238 2247 1457 2276 suecessoribus
1470 2248 1581 2275 nostris
1594 2251 1735 2283 perpetuo
1748 2246 1826 2282 quod
1840 2247 2000 2274 universas
2012 2246 2210 2283 possessiones

1239 2305 1264 2328 et
1282 2301 1357 2328 bona
1375 2304 1476 2328 nostra
1495 2299 1665 2327 immobilia
1685 2303 1769 2327 estra
1794 2299 1982 2327 munitiones
1998 2299 2209 2335 predictorum

1238 2358 1408 2382 castrorum
1437 2353 1537 2389 posita
1571 2357 1596 2380 et
1630 2352 1766 2380 redditus
1799 2352 2000 2380 'vassallorum
2032 2357 2210 2380 nostrorum

1239 2415 1312 2442 quos
1332 2410 1356 2433 et
1377 2415 1433 2442 aue
1455 2405 1547 2442 liujus
1563 2405 1763 2433 alienationis
1783 2409 1911 2441 tempore
1928 2405 1957 2432 in
1978 2405 2086 2432 eastris
2102 2404 2209 2433 habui-

1238 2467 1307 2487 mus
1322 2458 1510 2495 supradictis
1530 2458 1565 2486 ab
1585 2458 1646 2494 ipso
1668 2458 1777 2485 domno
1791 2466 1871 2494 papa
1890 2461 1915 2485 et
1932 2457 2064 2485 Romana
2085 2457 2209 2486 ecelesia

1240 2512 1271 2539 in
1295 2510 1420 2546 seudum
1445 2510 1479 2538 de
1498 2514 1591 2538 cetero
1613 2514 1778 2543 teneamus,
1803 2514 1827 2537 ct
1848 2509 1955 2537 aetnae
1973 2510 2069 2546 ipsius
2087 2509 2210 2538 domini

1235 2571 1312 2599 pape
1332 2566 1357 2590 et
1377 2562 1508 2590 Romane
1529 2561 1645 2589 ecclesie
1667 2561 1794 2589 vassalli
1813 2561 1870 2588 sim
1879 2569 1912 2588 us
1931 2565 2073 2597 perpetuo
2093 2565 2117 2588 et
2133 2560 2210 2597 lide-

1240 2615 1288 2650 les,
1313 2619 1339 2643 ct
1362 2615 1403 2643 eis
1422 2619 1546 2651 propter
1569 2614 1621 2642 boc
1644 2614 1816 2650 specialiter
1839 2618 2005 2650 prestemus
2029 2613 2209 2650 liomassium

1237 2799 1262 2824 1.
1278 2798 1314 2824 ‘25
1330 2797 1434 2824 sevriec
1451 2797 1529 2824 1233.
1551 2811 1584 2816 -
1600 2796 1726 2823 Thomas
1742 2796 1841 2824 Odonis
1860 2795 1995 2822 Obicionis
2011 2799 2039 2822 et
2056 2804 2086 2822 sa
2103 2796 2209 2823 semme

1200 2846 1322 2873 Odoliue
1342 2845 1445 2872 c'edent
1466 2854 1502 2872 au
1526 2853 1596 2880 pape
1619 2845 1758 2878 Gregoice
1780 2843 1838 2876 IX,
1857 2846 2024 2878 represent&
2042 2853 2091 2878 par
2107 2844 2208 2871 main-e

1201 2894 1336 2921 Roffcedo
1352 2893 1469 2925 Uberti,
1487 2894 1565 2920 leurs
1581 2893 1672 2919 droits
1689 2900 1740 2918 sur
1759 2892 1872 2918 Paliano
1888 2896 1916 2918 et
1932 2892 2070 2922 Secrone,
2088 2900 2209 2927 moyen-

1200 2946 1269 2969 nant
1290 2951 1345 2969 une
1365 2951 1475 2969 somme
1497 2942 1531 2968 de
1553 2941 1586 2969 ‘26
1608 2941 1704 2973 livres,
1727 2942 1742 2966 ὸ
1765 2948 1822 2966 eux
1844 2942 1932 2974 paye'ee
1953 2949 2003 2975 pac
2025 2941 2049 2966 le
2066 2941 2208 2967 camerier

1201 2990 1314 3017 Benoit.

2382 1974 2392 2523 *Ᾰ--ψψ-“-.
2387 1884 2392 1956 ..-.
2387 1810 2392 1856 -—
2387 1778 2392 1783 .
