2392 3571
671 357 720 386 LE
745 357 889 387 LIBER
911 356 1145 388 CENSUUM
1171 357 1223 386 DE
1248 348 1432 386 IAEGMSE
1455 357 1663 387 ROMAINE.
2153 359 2211 390 469

163 422 257 459 hujus
276 423 336 458 rei,
362 423 474 451 scilicet
497 423 576 460 quod
597 432 646 460 eqo
669 424 869 460 Berenyarius
886 432 980 452 eomes
999 423 1129 460 predicti

163 483 265 503 amore
292 475 341 503 Dei
366 475 474 503 ductus
503 475 615 504 donavi
642 476 764 504 domino
791 477 845 505 Deo
875 480 900 504 et
924 476 1129 513 apostolorum

162 527 300 565 principi
324 527 494 556 beatissimo
516 528 602 557 Petro
623 529 745 565 ejusque
769 529 885 557 vicario
904 529 1034 557 Romane
1053 528 1130 556 sedis

162 579 324 616 apostolico
346 588 464 608 omnem
484 588 585 608 meum
611 580 750 608 honorem
769 581 824 617 qui
843 581 923 608 mihi
938 581 1076 617 competit
1095 588 1130 608 em

157 632 231 668 jure
248 635 392 668 paterno,
412 631 667 668 quemadmodum
689 641 739 669 eqo
762 632 856 661 dit-isi
877 641 945 660 cum
962 632 1130 661 Reimundo

164 684 346 720 Berenyario
367 685 464 720 fratre
485 692 559 718 meo,
582 684 660 712 sicut
682 692 732 720 eqo
753 693 821 712 eum
846 684 936 712 habeo
956 684 1002 712 vel
1024 684 1130 713 habere

163 736 257 770 debeo,
278 736 450 773 specialiter
471 736 547 764 dono
565 736 591 764 ei
612 737 643 764 in
664 736 714 764 Dei
737 736 858 764 nomine
881 737 1130 764 Terraconensem

164 789 267 817 urbem
280 797 349 817 cum
360 788 500 816 omnibus
514 796 569 824 quc
583 789 734 825 pertinent
746 793 800 816 aut
811 789 962 825 pertinere
975 789 1076 817 debent
1092 788 1131 817 ad

162 841 295 878 ejusdem
312 841 397 869 urbis
410 841 610 874 nobilitatem,
624 849 657 869 ea
673 841 786 869 scilicet
802 841 1016 870 deliberatione
1031 846 1064 869 ut
1081 850 1131 877 esso

162 899 188 923 et
199 903 301 923 omnes
315 894 426 931 posteri
442 894 501 922 mei
513 894 590 922 sicut
601 894 846 931 suprascriptum
860 899 900 922 est
913 899 1067 922 teneamus
1077 894 1130 922 hoe

164 951 257 975 totum
275 955 329 984 per
349 955 462 974 manus
485 950 511 974 et
534 954 628 974 vocem
653 947 752 975 sancti
777 946 859 974 Petri
879 947 1000 983 ejusque
1017 947 1131 975 vicarii

163 1000 293 1029 Romane
309 999 388 1028 sedis
404 999 578 1036 apostolice,
596 1008 650 1036 per
666 1000 914 1036 quinquennium
930 1000 1131 1036 persolventes

163 1054 190 1081 ei
205 1061 329 1082 censum
347 1053 460 1089 viyinti
473 1056 499 1080 et
515 1053 648 1089 quinque
664 1052 815 1080 librarum
830 1053 994 1089 purissimi
1010 1053 1132 1088 argenti

163 1105 202 1134 ad
216 1106 338 1143 justum.
357 1113 499 1142 pensum,
522 1109 548 1133 et
570 1109 604 1132 ut
621 1105 777 1141 principes
798 1105 938 1133 universi
960 1105 1006 1133 rel
1029 1113 1131 1133 omnes

162 1159 236 1192 alii,
260 1158 314 1195 qui
338 1166 452 1186 mecum
473 1157 691 1185 insudaverint
714 1157 753 1185 ad
768 1158 883 1194 prefate
904 1157 990 1185 urbis
1009 1162 1128 1185 restau-

163 1212 327 1245 rationem,
348 1211 476 1238 habeant
500 1210 535 1238 in
557 1209 689 1246 confinio
710 1210 803 1245 hujus
827 1209 913 1237 L'rbis
930 1209 1129 1246 paralodiuni

162 1273 248 1293 suam
271 1263 458 1301 aprisionem
479 1262 525 1291 vel
546 1262 625 1298 quod
643 1263 813 1299 acceperint
830 1271 884 1299 per
902 1270 1013 1290 manus
1031 1267 1129 1290 nostre

163 1317 372 1354 larqitionem,
397 1324 455 1344 non
476 1315 544 1343 inde
562 1315 761 1352 persolventes
779 1315 915 1351 aliquam
936 1316 1126 1352 pensionem,

162 1370 226 1398 nisi
239 1370 315 1405 sorte
332 1368 505 1404 compuncti
521 1376 623 1396 amore
644 1367 694 1395 Dei
716 1367 868 1395 ¹voluerint
889 1368 947 1404 ipsi
963 1368 1130 1404 persolvere

160 1431 215 1451 sna
231 1423 370 1458 qratuita
387 1421 553 1449 voluntate.
572 1420 610 1448 Ob
623 1420 676 1448 hoc
690 1421 779 1447 etiam
798 1420 876 1448 hanc
893 1424 1008 1448 cartam
1028 1424 1129 1448 ratam

163 1483 221 1503 esse
238 1474 316 1507 volo,
340 1478 373 1502 ut
394 1473 494 1502 omnis
515 1473 564 1500 hic
584 1472 681 1500 honor
700 1472 778 1500 sicut
798 1473 939 1509 superias
956 1473 1130 1500 continetur

162 1527 340 1556 nullatenus
362 1525 525 1561 transferri
545 1525 638 1562 possit
658 1526 689 1553 in
709 1525 837 1553 atterius
852 1525 1007 1562 potestatis
1030 1525 1129 1553 domi-

163 1581 265 1614 nium,
286 1579 335 1607 sed
352 1587 401 1615 eqo
419 1578 629 1606 tantummodo
649 1582 674 1605 et
696 1578 807 1614 posteri
825 1577 884 1606 mei
901 1577 1129 1614 inperpetuum

164 1638 318 1662 teneamus
340 1632 392 1660 hoc
410 1636 505 1660 totum
528 1639 581 1668 per
602 1639 714 1659 manus
730 1630 909 1667 principum
925 1630 1130 1667 apostolorum

164 1686 247 1715 Petri
268 1689 293 1713 et
316 1685 409 1713 Pauli
430 1689 456 1712 et
478 1685 542 1721 eJus
567 1683 678 1712 vicarii
704 1683 823 1711 domini
850 1683 963 1711 Urbani
984 1691 1060 1719 pape
1084 1691 1130 1711 se-

162 1738 259 1768 cundi
277 1736 458 1774 successor[a
466 1734 563 1774 mque]
579 1737 587 1755 ¹
607 1736 670 1773 ejus
687 1735 763 1763 beati
782 1735 862 1763 Petri
876 1735 970 1763 sedem
989 1735 1131 1763 canonice

162 1791 346 1828 regentium.
364 1790 448 1818 IIanc
469 1789 647 1817 oblationem
672 1788 758 1824 offero
776 1787 898 1816 domino
920 1788 976 1816 Deo
998 1792 1023 1816 et
1039 1788 1131 1824 prin-

163 1844 281 1881 cipibus
293 1842 495 1880 apostolorum
513 1842 597 1869 Pet-ro
613 1845 639 1869 et
652 1841 744 1869 Paulo
758 1845 881 1877 propter
896 1840 1131 1877 redemptionem

161 1901 351 1934 peccatorum
366 1903 503 1923 meorum
518 1899 544 1922 et
557 1895 656 1931 patris
666 1894 724 1921 mci
736 1893 909 1930 Raym'undi
927 1897 953 1921 et
967 1897 1132 1929 parentum

163 1958 315 1980 meorum,
333 1957 387 1986 per
404 1947 566 1976 consilium
585 1952 610 1975 ct
629 1947 812 1975 voluntalem
834 1947 1011 1982 Βρπϊηζμινίἰ
1026 1946 1131 1974 archi-

164 2002 292 2039 episcopi
321 2000 551 2029 Terraconensis
574 2004 599 2027 et
623 1999 751 2036 episcopi
774 1999 972 2027 Gerondensis
996 1999 1132 2035 equivoci

163 2054 343 2091 Berenyarii
370 2058 395 2081 et
425 2053 631 2082 vicecomitum
666 2052 820 2080 Deusdcdit
855 2052 1083 2080 Terraconensis
1107 2056 1132 2079 et

163 2107 295 2136 Arnaldi
305 2107 485 2135 Jlironcnsis
497 2106 591 2134 Bai-cli
600 2105 754 2133 [nonensis
766 2109 790 2133 et
802 2104 922 2133 Geraldi
931 2104 1095 2132 Alemanni
1106 2109 1131 2132 et

166 2160 311 2189 Gercberti
332 2159 474 2188 Girrardi
492 2163 517 2186 et
540 2158 681 2187 Willelmi
697 2157 875 2191 Raimundi,
893 2162 919 2185 et
937 2157 1047 2185 Dorche
1064 2158 1131 2192 sra-

166 2213 222 2242 tris
243 2213 293 2241 sui
319 2217 343 2240 et
367 2211 503 2248 Huyonis
526 2210 674 2238 Dalmacii
698 2214 723 2237 et
748 2209 907 2238 IIun‘zberti
931 2209 1085 2237 Gausberti
1107 2214 1132 2237 et

164 2266 290 2302 Auqerii
314 2264 458 2299 Gausredi
481 2268 506 2292 et
527 2263 639 2291 :ilberti
663 2262 826 2297 Rei-nardi,
847 2270 901 2299 per
925 2270 1053 2290 manum
1079 2262 1131 2290 do-

167 2318 244 2346 mini
269 2317 428 2354 Raynierii
454 2316 583 2344 Romane
608 2316 725 2343 ecclesie
754 2315 941 2348 cardinalis,
970 2315 1024 2351 qui
1050 2322 1132 2343 nunc

166 2370 313 2407 lcyatione
328 2369 472 2405 fungyitur
490 2369 520 2396 in
537 2368 676 2404 partibus
695 2368 814 2395 nostris.

204 2423 263 2450 Era
288 2422 449 2450 millesimo
473 2421 611 2449 vicesimo
629 2425 745 2454 oetaeo,
765 2428 847 2447 anno
865 2420 900 2447 ab
921 2420 1132 2448 incarnatione

164 2475 286 2503 Domini
304 2474 466 2502 millesimo
483 2473 688 2509 nonayesimo,
711 2472 938 2500 Terraconensis
955 2472 1064 2500 civitas
1078 2480 1132 2509 per

165 2527 436 2556 Barchinonenscm
451 2526 586 2554 comitem
600 2530 626 2553 ct
640 2529 748 2553 ceteros
760 2525 920 2562 provincie
933 2525 1028 2561 ipsius
1040 2525 1131 2561 prin-

165 2580 242 2617 cipes
266 2579 437 2607 restaurari
459 2582 485 2606 ct
508 2577 679 2605 inhabitari
695 2581 775 2613 cepta
795 2581 852 2611 est;
869 2585 951 2604 anno
967 2581 1067 2605 autem
1087 2585 1132 2604 se-

165 2633 270 2669 quenti
282 2632 482 2668 Berenyarius
498 2630 681 2658 Ausonensis
694 2629 858 2666 quondam,
872 2638 926 2666 per
940 2638 1026 2666 quem
1037 2630 1132 2666 potis-

164 2686 276 2713 simum
304 2685 414 2712 civitas
440 2683 539 2711 cadem
570 2682 795 2712 restituebatur,
817 2681 912 2709 sedem
938 2682 1129 2718 apostolicam

164 2737 252 2772 adiit,
268 2737 333 2765 dom
342 2737 475 2773 inopape
490 2736 605 2764 Urbano
614 2744 642 2763 se
652 2735 847 2771 presentavit,
861 2735 994 2771 palleum
1006 2735 1127 2770 accepit,

163 2790 365 2827 prffitefflum
384 2788 556 2825 promeruit.
577 2796 629 2824 per
649 2787 727 2823 quod
750 2787 999 2815 Terraconensem
1021 2791 1131 2814 metro-

162 2842 256 2880 polim
276 2841 445 2869 translatus
461 2840 704 2876 archiepiscopus
722 2839 883 2866 institutus
898 2842 951 2866 est.

161 3006 186 3032 1.
203 3005 265 3032 aod.
283 3004 516 3031 successoribus.

1290 423 1330 451 Ne
1350 424 1449 460 isJitar
1467 433 1557 461 super
1576 425 1629 453 hoc
1650 426 1743 462 possit
1766 426 1800 454 in
1819 431 1973 463 posterum
1993 427 2099 463 aliqua
2122 426 2213 455 dubi-

1252 476 1325 503 tatio
1343 476 1492 511 suboriri,
1507 482 1672 513 presentem
1695 479 1840 515 paginam
1864 479 1942 507 bulte
1964 484 2061 508 nostre
2082 480 2212 515 fecimus

1250 528 1426 556 munimine
1449 529 1596 557 roborari.
1622 530 1687 559 Dat.
1713 531 1870 565 Laterani,
1892 531 1923 559 II
1945 540 2013 560 non.
2039 532 2207 567 februarii,

1247 580 1443 617 pontificatus
1460 582 1557 609 nostri
1574 590 1655 609 anno
1670 583 1807 619 septimo.

1211 734 1370 765 CCXVII.
1394 751 1434 758 -
1456 736 1705 766 Ixs‘rnumz-:NTUM
1730 747 1812 771 QUOD
1833 739 2000 769 Gmusous
2022 749 2059 769 οε
2080 740 2212 769 Fumone

1252 796 1345 817 neom·
1371 797 1409 817 ετ
1433 797 1599 818 coscessm
1625 790 1759 819 Romae
1784 800 1927 821 Eccmzsxe
1950 800 2047 821 omum
2071 801 2148 821 suns
2172 801 2212 821 ΕΤ

1251 849 1403 871 ACTIONES
1421 850 1481 875 QUE
1500 851 1642 871 HABEBAT
1660 852 1717 871 VEL
1740 853 1860 873 HABERE
1882 853 2023 874 POTEnA'r
2044 854 2075 874 IN
2095 852 2214 874 CASTRO

1253 894 1429 924 Fomoms¹.

1290 1000 1324 1028 In
1347 1001 1469 1029 nomine
1489 1001 1609 1029 domini
1631 1002 1727 1029 nostri
1747 1002 1814 1030 Jcsu
1837 1003 1962 1031 Christi.
1984 1005 2070 1032 Anno
2088 1004 2213 1032 Domini

1251 1052 1422 1087 M⁰CC⁰Xi''⁰‚
1461 1053 1659 1090 pontificatus
1696 1054 1814 1082 domini
1850 1055 2020 1084 Innocentii
2058 1057 2106 1084 III
2137 1065 2215 1094 pape

1250 1113 1333 1133 anno
1351 1105 1458 1140 XVIII,
1481 1106 1647 1134 indictione
1666 1106 1727 1141 ΙΙΙ,
1745 1108 1856 1135 mensis
1873 1109 1998 1144 auqztsti
2016 1108 2063 1137 die
2082 1109 2210 1144 XXVIII,

1250 1156 1395 1185 dominus
1412 1158 1583 1187 Gimundus
1598 1159 1632 1187 de
1648 1159 1807 1188 Fommone
1824 1161 1907 1188 nullo
1923 1161 1988 1189 dolo
2005 1162 2148 1190 inductus
2165 1171 2216 1191 nec

1251 1210 1358 1247 aliqua
1377 1211 1407 1239 oi
1423 1217 1542 1240 coactus
1556 1212 1605 1240 sed
1621 1212 1712 1241 libero
1727 1214 1857 1242 arbitrio
1871 1215 2054 1251 propriaque
2069 1224 2123 1243 sua
2140 1216 2215 1244 bona

1252 1264 1423 1298 voluntate,
1448 1265 1480 1293 in
1504 1266 1659 1301 presentia
1683 1266 1801 1294 domini
1828 1266 1975 1303 Stephani
1997 1268 2116 1296 domini
2140 1277 2216 1305 pape

1251 1317 1418 1345 camerarii
1440 1321 1466 1345 et
1488 1317 1606 1346 domini
1631 1317 1723 1346 Guale
1745 1324 1931 1347 sacrosancte
1952 1320 2080 1348 Romane
2100 1321 2217 1349 ecclesie

1248 1369 1489 1405 presbyterorum
1508 1370 1734 1406 cardinalium,
1758 1372 1923 1406 refutavit,
1948 1373 2065 1400 remisit
2085 1377 2111 1400 et
2133 1373 2217 1401 cessit

1251 1422 1348 1458 adque
1371 1422 1497 1451 donavit
1520 1432 1606 1451 omne
1621 1424 1674 1460 jus
1698 1432 1876 1461 omnemque
1899 1425 2045 1453 actionem
2069 1426 2147 1462 quod
2174 1426 2218 1454 cel

1252 1483 1343 1511 quam
1363 1475 1445 1503 visus
1457 1480 1522 1504 erat
1533 1476 1639 1504 habere
1656 1476 1687 1504 in
1705 1484 1774 1505 arce
1789 1481 1814 1505 et
1829 1482 1926 1505 castro
1938 1477 2011 1505 Fum
2019 1486 2084 1506 mon
2092 1479 2115 1506 is
2129 1478 2215 1506 celin

1253 1532 1310 1555 toto
1325 1528 1389 1564 ejus
1403 1529 1568 1563 territorio,
1581 1530 1816 1566 possessionibus
1830 1530 1920 1558 cultis
1933 1535 1958 1558 et
1976 1531 2111 1565 incultis,
2132 1539 2218 1559 mon-

1253 1580 1346 1613 tibus,
1363 1581 1467 1617 aquis,
1484 1581 1621 1618 pascuis,
1639 1582 1742 1616 silvis,
1763 1583 1794 1610 in
1810 1582 2013 1618 jurisditione
2033 1587 2059 1611 et
2081 1583 2218 1611 dominio

1251 1637 1440 1668 sacrosancte
1462 1633 1592 1662 Romane
1613 1634 1729 1662 ecclesie
1746 1643 1801 1671 per
1816 1643 1928 1663 manus
1945 1635 2095 1664 dictorum
2118 1635 2218 1664 domi-

1252 1693 1363 1713 norum
1383 1685 1608 1722 cardinalium,
1626 1695 1680 1723 per
1697 1688 1829 1722 infulam
1847 1688 1955 1725 capitis
1969 1688 2019 1716 sui
2034 1697 2080 1716 cos
2096 1689 2218 1716 nomine

1252 1738 1349 1775 ipsius
1387 1739 1505 1767 ecclesie
1543 1740 1705 1768 investiens
1716 1751 1726 1775 ;
1756 1749 1965 1777 recoqnoscens
1994 1741 2217 1770 nichilominus

1252 1790 1366 1819 dictam
1399 1799 1499 1820 arcem
1537 1796 1562 1820 et
1600 1797 1733 1820 castrum
1770 1793 1809 1821 ad
1841 1794 2057 1831 proprietatem
2086 1794 2217 1822 Romane

1252 1844 1368 1872 ecclesie
1384 1845 1534 1881 pertinere
1550 1849 1576 1872 et
1595 1845 1635 1873 ad
1656 1845 1753 1882 ipsum
1776 1850 1802 1873 ct
1824 1851 2021 1875 antecessores
2042 1855 2110 1874 suos
2130 1847 2217 1875 nullo

1252 1897 1314 1924 alio
1332 1897 1405 1933 jure
1425 1902 1570 1934 spectare,
1589 1898 1651 1926 nisi
1673 1899 1847 1927 castellanie
1871 1900 2007 1933 nomine,
2026 1908 2086 1936 qua
2116 1900 2212 1936 ipsum

1252 1953 1384 1977 castrum
1403 1954 1601 1978 antecessores
1615 1951 1665 1978 sui
1682 1960 1698 1978 a
1716 1951 1850 1979 Romana
1864 1952 1987 1980 ecclesia
2003 1956 2121 1980 tantum
2141 1960 2218 1980 com-

1255 2002 1457 2030 mendationis
1473 2007 1498 2030 et
1514 2003 1646 2030 custodie
1662 2004 1785 2031 nomine
1807 2009 2012 2041 susceperunt.
2037 2005 2097 2039 Que
2112 2005 2216 2033 omnia

1255 2055 1298 2082 ita
1319 2063 1377 2082 esse
1399 2059 1425 2083 et
1449 2064 1477 2083 se
1503 2060 1646 2092 perpetuo
1674 2056 1766 2091 firma
1791 2056 1896 2084 habere
1920 2057 2008 2085 tactis
2031 2057 2218 2085 sacrosantis

1251 2108 1439 2143 ereansjeliis
1451 2108 1659 2144 jurejurando
1675 2108 1824 2144 firmarit.

1292 2160 1364 2188 Item
1382 2160 1478 2188 eodem
1496 2160 1543 2188 die
1558 2166 1583 2188 ct
1599 2161 1739 2189 terminis
1753 2162 1942 2198 supradictis
1957 2162 2099 2191 dominus
2115 2163 2167 2190 Leo
2184 2162 2218 2190 [Ie

1252 2212 1395 2240 Anticulo
1418 2213 1448 2241 in
1476 2214 1627 2249 presentia
1652 2214 1898 2250 supradictormn
1926 2215 2134 2243 cardinalium
2161 2223 2217 2243 sua

1252 2269 1353 2301 sponte
1368 2270 1393 2293 et
1408 2265 1527 2293 sincera
1546 2266 1699 2294 voluntate
1715 2267 1800 2294 cessit
1816 2267 1912 2303 adque
1928 2267 2053 2295 donarit
2068 2276 2154 2295 omne
2164 2268 2219 2304 jus

1252 2323 1278 2346 et
1301 2319 1447 2346 actionem
1470 2318 1548 2354 quod
1571 2319 1614 2346 ccl
1632 2327 1723 2355 quam
1743 2319 1773 2346 in
1793 2319 1969 2356 supradicta
1990 2328 2057 2347 arec
2078 2325 2103 2347 el
2119 2325 2216 2348 castro

1252 2371 1432 2399 Fummonis
1444 2375 1470 2398 et
1482 2371 1512 2398 in
1528 2375 1585 2399 toto
1598 2372 1662 2407 ejus
1676 2372 1830 2399 territorio
1849 2373 1930 2400 risus
1942 2378 2006 2400 erat
2022 2373 2127 2401 habere
2142 2382 2217 2410 quo-

1253 2423 1462 2459 cunquejure,
1473 2428 1660 2452 sacrosancte
1671 2424 1800 2452 Romane
1814 2425 1931 2453 ecclesie
1941 2434 1994 2461 per
2007 2434 2116 2453 manus
2131 2434 2218 2454 eene-

1255 2476 1401 2504 rabilium
1426 2481 1550 2512 patrum
1573 2476 1819 2513 supradictorum
1843 2477 2069 2512 cardinalium,
2090 2479 2217 2514 exceptis

1253 2529 1413 2556 mobilibus
1429 2529 1515 2556 rebus
1533 2538 1608 2565 quas
1625 2529 1767 2557 dominus
1784 2529 1956 2557 Gimundus
1978 2539 2045 2558 cum
2065 2531 2217 2567 nepotibus

1253 2582 1317 2609 suis
1332 2582 1365 2609 de
1382 2581 1444 2609 dote
1465 2582 1573 2609 matris
1587 2590 1638 2609 sue
1657 2582 1713 2609 risi
1731 2587 1803 2610 sunt
1820 2583 1960 2617 retinere,
1977 2592 2111 2611 asserens
2125 2584 2217 2611 sinii-

1254 2634 1324 2661 Iiter
1338 2639 1363 2661 et
1379 2635 1537 2670 affirmans
1558 2634 1668 2661 dictam
1693 2643 1790 2662 arcem
1813 2639 1839 2662 et
1862 2639 1995 2663 castrum
2015 2635 2118 2671 adjus
2135 2641 2161 2664 et
2177 2636 2216 2664 ad

1252 2687 1465 2723 proprietatem
1487 2676 1617 2714 Romane
1636 2686 1752 2714 ecclesie
1772 2688 1938 2723 pertinere,
1965 2692 1991 2715 et
2019 2687 2058 2715 ad
2085 2693 2213 2724 patrem,

1253 2748 1344 2767 arum
1362 2744 1388 2766 et
1402 2747 1551 2775 proavum
1569 2747 1658 2766 suum
1675 2739 1848 2767 castellanie
1864 2744 1890 2767 et
1904 2740 2036 2767 custodie
2046 2741 2119 2776 jure
2134 2749 2217 2777 spec-

1254 2795 1328 2819 tasse
1349 2800 1439 2827 usque
1458 2791 1530 2819 dum
1553 2796 1650 2819 mater
1670 2799 1724 2819 sua
1742 2799 1797 2827 per
1812 2791 1970 2819 dominum
1990 2791 2165 2828 Greqorium
2182 2793 2217 2821 de

1253 2954 1274 2979 1.
1291 2953 1324 2980 ‘28
1339 2955 1407 2980 aoiit
1425 2953 1500 2980 1-215.
1514 2967 1550 2973 —
1565 2953 1711 2980 Gimundo
1726 2953 1760 2979 de
1778 2953 1905 2980 Fumone
1917 2958 1945 2980 et
1957 2953 2049 2980 Leone
2060 2955 2216 2982 d‘Anticoti

1214 3001 1431 3027 reconnaissent
1453 3001 1494 3027 les
1515 3001 1604 3028 droits
1625 3001 1663 3028 du
1684 3001 1868 3036 saint-siege
1887 3010 1938 3028 sur
1958 3002 2052 3029 Castel
2073 3002 2215 3029 Fumone.
