2392 3571
132 329 191 359 520
678 325 728 354 LE
752 324 898 354 LIBER
920 322 1155 354 CENSUUM
1178 311 1444 352 DE'L’EGLISE
1467 322 1678 353 ROMAINE.

133 913 337 944 CCLXVIII.
348 929 386 934 —
397 913 647 948 QUATuonDEcxm
661 922 883 943 {NsTnuMssNTA
895 921 1140 943 REFL‘TATIONUM

174 975 213 996 nn
237 974 349 995 nnnrro
372 965 550 995 svmmvm
571 974 690 995 mommo
715 975 790 995 PAPE
812 976 830 994 A
855 975 1080 996 cncmronlssos
1104 974 1141 994 m:

172 1019 299 1049 Nsrmm
311 1028 490 1055 mcx-Anum,
500 1027 644 1048 TEMPORE
656 1027 764 1049 nomm
777 1018 933 1049 Gnssssonu
947 1028 1020 1048 mei:
1032 1019 1139 1049 NON11.

215 1125 270 1163 [1.]
299 1125 333 1153 In
360 1126 483 1153 nomine
511 1125 631 1153 domini
659 1126 756 1153 nostri
782 1126 849 1153 Jesu
879 1125 1009 1159 Christi,
1038 1134 1138 1154 nmen.

172 1179 261 1208 Anno
282 1179 508 1207 incarnationis
530 1178 660 1214 ejusdem
683 1179 844 1207 millesimo
864 1179 1066 1207 ducentesimo
1083 1179 1141 1207 tri-

173 1232 282 1261 cesimo
303 1236 426 1268 quarto,
452 1232 648 1268 pontificatus
672 1231 790 1259 domini
813 1231 949 1268 Greyorii
970 1241 1045 1269 pape
1068 1233 1142 1261 noni

173 1293 257 1313 anno
281 1290 392 1319 octaro,
422 1293 521 1312 mense
537 1284 621 1321 julio
643 1284 690 1312 die
708 1285 786 1319 XIII,
813 1285 980 1313 indictione
1000 1285 1138 1322 septima.

172 1338 234 1375 Eyo
250 1338 402 1366 Jolmnnes
417 1338 534 1373 Anat—ti.
551 1337 700 1366 sindicus.
716 1342 836 1365 actoret
847 1342 1030 1374 procurator
1047 1339 1143 1367 tocius

174 1391 408 1419 communitatis
425 1390 517 1418 castri
535 1390 666 1418 Utriculi
686 1394 711 1417 et
731 1390 869 1418 omnium
892 1398 927 1419 ac
947 1391 1140 1427 sinyulorum

173 1443 407 1472 communitatis
422 1442 552 1479 ejusdem
571 1443 677 1477 castri,
698 1451 715 1470 a
740 1447 797 1471 toto
812 1444 923 1480 populo
939 1443 1068 1480 ejusdem
1088 1444 1144 1472 loci

173 1496 214 1524 ad
229 1505 336 1524 sonum
355 1505 500 1533 campane
519 1500 545 1523 et
561 1496 600 1523 ad
619 1504 712 1523 rocem
728 1496 869 1532 preconis
885 1496 914 1523 in
933 1496 1054 1524 ecclesia
1071 1505 1144 1525 con-

171 1554 295 1586 yreyato
310 1549 349 1578 ad
365 1549 417 1576 lioc
431 1548 616 1584 generaliter
631 1552 655 1576 et
672 1548 844 1585 specialiter
859 1549 1041 1576 constitutus
1060 1553 1091 1577 ut
1110 1549 1144 1577 de

173 1602 314 1630 omnibus
332 1610 387 1637 que
408 1601 493 1628 nabet
510 1600 590 1628 dicta
610 1601 816 1629 communitas
831 1605 857 1628 et
872 1600 911 1628 ad
927 1610 972 1629 eos
989 1602 1144 1638 pertinent

176 1656 209 1683 in
226 1655 362 1691 predicto
378 1658 476 1682 castro
495 1654 578 1681 intus
598 1658 622 1681 et
644 1658 729 1681 (nrtra
748 1654 836 1682 libere
852 1654 963 1690 possim
983 1659 1008 1682 ct
1024 1654 1141 1683 debeam

171 1709 270 1744 facere
284 1716 352 1736 cum
373 1707 496 1735 domino
518 1715 597 1743 papa
625 1707 669 1734 ecl
687 1707 750 1743 ejus
773 1708 944 1735 camerario
961 1716 1011 1735 seu
1031 1717 1144 1745 procu—

173 1766 275 1789 ratore
293 1760 332 1789 ad
351 1768 425 1797 opus
445 1764 470 1787 et
492 1768 597 1787 nomen
618 1760 748 1787 Romane
767 1760 884 1788 ecclesie
910 1761 941 1788 in
962 1765 1144 1798 perpetuum

173 1813 351 1847 alienando,
374 1813 540 1848 vendendo,
563 1812 721 1845 donando,
739 1813 909 1849 obligyando,
927 1814 1140 1848 snlnnittendo.

172 1866 416 1903 rccoynosccndo,
436 1865 620 1899 ordinando,
642 1865 842 1902 disponendo,
863 1866 1069 1903 transf'yendm
1088 1876 1145 1904 pa·-

173 1919 318 1954 ciscendo,
335 1918 483 1955 quicquid
495 1918 630 1955 predicta
644 1919 850 1947 communitas
867 1928 969 1947 omnes
984 1925 1010 1948 ct
1027 1921 1144 1957 sinyuli

173 1972 404 2009 presencialiter
419 1973 515 2007 facere
529 1976 661 2008 possent,
681 1973 759 2000 sicut
776 1981 811 2000 επι-
829 1977 915 2000 carta
931 1973 1104 2001 sindieatus
1119 1978 1144 2002 et

174 2025 402 2062 procurationis
414 2034 475 2052 mre
487 2025 617 2060 confecta
630 2033 685 2061 per
698 2033 823 2053 manum
836 2025 969 2054 Donadei
980 2027 1145 2055 scriniarii

175 2079 329 2107 evidenter
347 2082 485 2114 apparet,
508 2078 564 2106 hac
580 2077 627 2106 die
640 2079 775 2115 presenti
794 2087 1004 2116 recogynoscens
1022 2081 1146 2109 nomine

174 2131 406 2159 communitatis
421 2130 552 2167 predicte
567 2131 722 2168 prefatum
740 2135 873 2159 castrum
892 2132 1026 2160 Utriculi
1038 2141 1096 2161 esse
1111 2133 1146 2162 de

174 2184 363 2221 patrimonio
378 2184 508 2212 Romane
526 2184 653 2219 ecclesie,
674 2189 699 2212 et
712 2183 885 2213 dominium
904 2185 1035 2222 ejusdem
1051 2187 1147 2215 castri

173 2237 213 2265 ad
227 2237 282 2273 jus
297 2241 322 2265 et
339 2237 557 2274 proprietatem
578 2237 709 2265 Romane
723 2237 841 2266 ecclesie
857 2238 1032 2274 specialiter
1048 2240 1145 2276 perli-

175 2299 256 2325 nere,
278 2290 371 2318 libera
388 2294 414 2318 et
431 2294 595 2327 spontanea
618 2290 784 2325 voluntate,
805 2291 930 2319 nomine
951 2291 1048 2328 ipsius
1063 2300 1145 2321 com-

174 2343 339 2370 munitatis
355 2347 381 2371 et
397 2343 536 2370 omnium
559 2347 584 2370 et
603 2343 798 2379 singulorum
816 2345 1049 2373 communitatis
1064 2346 1146 2382 esus-

175 2396 250 2431 dcm,
281 2396 372 2424 ecndo
394 2400 420 2424 et
449 2396 690 2424 irrerocabilitcr
719 2396 806 2425 trado
830 2402 918 2433 atque
941 2398 1065 2427 concedo
1091 2399 1146 2427 tibi

175 2450 298 2477 domino
318 2449 474 2477 Benedicto
495 2449 615 2477 domini
632 2459 709 2487 pape
727 2451 914 2486 camerario,
932 2453 1146 2488 procuratorio

175 2502 298 2530 nomine
317 2502 473 2539 recipienti
492 2511 547 2539 pro
568 2503 630 2539 ipso
650 2503 774 2531 domino
790 2512 870 2541 papa
888 2504 1011 2541 ejusque
1030 2514 1146 2535 succes-

174 2555 292 2583 soribus
309 2555 431 2583 nomine
446 2556 577 2584 Romane
593 2556 710 2584 ecclesie
733 2557 764 2584 *in
787 2562 985 2594 perpetuum,
1009 2558 1145 2587 videlicet

174 2616 243 2635 omn
251 2609 278 2635 ia
293 2617 348 2644 que
363 2608 444 2636 dieta
461 2610 666 2637 communitas
680 2609 766 2637 habet
782 2614 808 2637 et
823 2609 863 2638 ad
878 2618 924 2638 eos
937 2611 1093 2647 pertinent
1112 2611 1142 2640 in

174 2784 197 2809 1.
218 2784 246 2809 13
260 2784 352 2817 juillet
373 2785 446 2811 [³234.
463 2800 498 2805 —
513 2785 584 2812 Jean
603 2787 718 2820 Augen,
736 2795 896 2821 procureur
908 2788 942 2813 de
955 2788 978 2814 la
990 2796 1144 2815 commune

137 2830 299 2861 d'Otricoli,
318 2833 391 2858 vend
407 2842 441 2859 au
459 2834 662 2868 §aiut-siege,
683 2843 718 2861 au
741 2843 804 2861 nom
823 2835 858 2861 de
874 2840 949 2862 cette
970 2844 1142 2870 commune,

137 2883 203 2905 tous
223 2880 262 2905 les
281 2879 362 2906 biens
378 2881 479 2914 qu'ellc
498 2882 619 2915 possode
635 2884 649 2908 ὁ
666 2883 784 2909 OtrIcoIi
808 2892 880 2918 pour
901 2893 956 2910 une
977 2892 1088 2911 somme
1109 2885 1144 2911 de

139 2927 219 2959 ·1,3υυ
236 2928 338 2959 lix-res,
358 2931 444 2963 [πᾳ-ῥυ
462 2938 510 2963 par
527 2931 550 2955 1ο
568 2932 707 2957 camerim-
729 2931 848 2965 Benoit,
871 2936 899 2958 et
919 2933 1043 2966 deposce
1063 2938 1143 2960 entre

137 2976 180 3002 les
197 2977 288 3002 mains
305 2976 338 3002 de
355 2976 534 3007 cresce-nmo,
553 2984 664 3005 rccteur
679 2981 714 3006 de
731 2981 846 3007 Sabine.

1261 912 1396 949 predicto
1418 917 1515 940 castro
1541 912 1624 940 intus
1647 916 1672 940 et
1695 917 1792 940 eaetra.
1811 914 1985 950 specialiter
2003 920 2121 943 centum
2146 915 2233 944 rubla

1265 970 1341 994 terre
1366 966 1577 994 sementaricie
1605 970 1630 993 et
1657 966 1806 1002 quicquid
1830 967 1900 1003 plus
1924 967 2032 996 habent
2053 969 2126 1005 jure
2151 976 2233 997 com-

1266 1019 1429 1047 munitatis
1447 1023 1505 1046 tam
1525 1019 1556 1047 in
1577 1019 1666 1047 terris
1682 1019 1772 1047 cultis
1787 1024 1813 1048 et
1827 1020 1965 1054 incultis,
1980 1029 2071 1057 quam
2088 1021 2121 1049 in
2132 1021 2231 1055 silvis,

1261 1073 1373 1109 pratis,
1392 1072 1554 1105 montibus,
1573 1072 1712 1106 collibus,
1729 1072 1892 1109 planiciis,
1911 1074 2034 1110 pascuis
2048 1078 2074 1102 el
2093 1073 2235 1102 comuni-

1266 1125 1376 1153 tatibus
1391 1125 1556 1158 universis,
1570 1129 1691 1161 portum
1705 1133 1822 1162 quoque
1832 1134 1898 1153 cum
1915 1125 2053 1163 pedaqio,
2071 1126 2232 1162 sanquine,

1264 1178 1372 1212 banno,
1394 1178 1518 1206 lacubus
1533 1182 1623 1214 atque
1639 1178 1792 1214 piscariiS,
1813 1183 1838 1206 et
1856 1187 1923 1207 cum
1943 1179 2117 1216 omnijitre,
2131 1179 2235 1215 juris-

1265 1230 1395 1258 dictione
1411 1235 1437 1258 et
1457 1231 1586 1265 actione,
1610 1235 1635 1258 ct
1656 1239 1723 1259 cum
1748 1231 1888 1260 omnibus
1911 1231 1950 1260 ad
1969 1231 2137 1269 predictam
2155 1239 2236 1260 com-

1266 1284 1446 1311 munitatem
1460 1283 1685 1320 pertinenlibus
1698 1284 1728 1312 in
1740 1284 1874 1320 predicto
1887 1289 1985 1313 castro
1998 1284 2082 1312 intus
2095 1289 2120 1312 et
2136 1289 2234 1319 extra,

1265 1341 1290 1364 et
1313 1344 1368 1373 per
1393 1341 1485 1364 totum
1513 1336 1643 1373 ejusdem
1666 1337 1760 1365 castri
1783 1338 1974 1365 territorium
1997 1342 2023 1366 et
2045 1337 2233 1366 districtum.

1263 1389 1298 1416 Et
1321 1388 1354 1416 dc
1374 1393 1468 1416 cetero
1490 1389 1577 1417 liceat
1597 1389 1692 1417 eidem
1716 1389 1840 1417 domino
1861 1398 1937 1427 pape
1952 1390 2074 1426 suisque
2088 1398 2237 1418 successo-

1266 1442 1350 1469 ribus
1366 1442 1450 1476 infra
1467 1442 1542 1469 idem
1559 1446 1707 1476 castrum,
1726 1442 1864 1470 videlicet
1879 1443 1911 1471 in
1930 1443 1989 1471 loco
2005 1443 2238 1472 communitatis

1264 1495 1290 1522 si
1307 1495 1402 1529 fucrit
1419 1499 1518 1531 aptus,
1538 1495 1582 1523 rel
1598 1495 1780 1531 uhic-umque
1798 1495 1939 1530 voluerit,
1961 1495 2235 1532 reddendojustam

1267 1548 1570 1584 recompensatioiu‘m
1585 1548 1647 1576 hiis
1658 1549 1712 1584 qui
1729 1548 1838 1576 habent
1849 1548 1950 1577 domos
1960 1549 2082 1584 ibidem,
2096 1548 2239 1585 edificare

1262 1601 1420 1638 palacium
1445 1605 1471 1628 et
1496 1605 1609 1629 turrem
1633 1605 1723 1638 atque
1743 1601 1952 1630 municionem
1977 1602 2075 1637 facere
2098 1601 2138 1630 ad
2163 1609 2238 1638 opus

1265 1654 1396 1682 Romane
1413 1653 1528 1690 ecclesie
1544 1662 1600 1690 pro
1620 1662 1671 1682 sue
1687 1654 1870 1691 beneplacito
1886 1655 2072 1689 voluntatis,
2091 1659 2117 1683 et
2132 1663 2151 1683 a
2166 1663 2237 1692 pre-

1265 1707 1356 1741 senti,
1384 1707 1508 1735 nomine
1532 1707 1764 1735 communitatis
1784 1707 1935 1744 ejusdem,
1960 1708 2084 1736 concedo
2105 1708 2166 1745 ipsi
2186 1708 2238 1737 do-

1269 1761 1352 1789 mino
1373 1769 1449 1797 pape
1472 1761 1598 1789 liberam
1619 1765 1791 1797 potestatem
1822 1761 1966 1789 intrandi
1988 1770 2042 1798 per
2065 1770 2094 1790 se
2118 1761 2165 1790 vel
2183 1770 2240 1799 per

1264 1818 1494 1850 procuratorem
1529 1822 1618 1842 suum
1652 1814 1835 1842 auctoritate
1863 1815 1992 1851 propria
2023 1815 2238 1852 possessionem

1266 1867 1406 1896 omnium
1428 1867 1650 1904 predictorum,
1671 1871 1697 1895 et
1716 1867 1862 1901 habendi,
1885 1867 2005 1895 tenendi
2022 1872 2048 1895 et
2066 1867 2240 1903 possidendi

1266 1920 1305 1948 ad
1320 1929 1393 1956 opus
1409 1920 1539 1948 Romane
1551 1920 1668 1948 ecclesie
1681 1920 1711 1947 in
1726 1924 1904 1956 perpetuum
1921 1929 1989 1948 omn
1997 1921 2024 1948 ia
2038 1920 2218 1957 supradicta
2228 1931 2239 1955 ,-

1267 1978 1293 2001 et
1317 1973 1440 2001 interim
1463 1973 1554 2001 donec
1574 1973 1784 2010 possessionem
1810 1973 1990 2008 intraverit,
2017 1973 2165 2010 quicquid
2185 1981 2240 2002 nos

1267 2034 1368 2054 omnes
1388 2030 1413 2054 et
1433 2026 1552 2062 sinyuti
1575 2025 1608 2054 de
1625 2025 1761 2062 predicta
1779 2026 1999 2054 communitate
2017 2025 2063 2054 vel
2084 2025 2167 2054 alius
2182 2033 2240 2062 pro

1268 2079 1351 2107 nobis
1374 2079 1407 2107 de
1430 2078 1577 2115 predictis
1601 2078 1743 2107 omnibus
1762 2077 1961 2115 possidemus,
1992 2082 2088 2106 totum
2114 2078 2239 2107 nomine
2271 2081 2276 2083 ”

1267 2133 1398 2161 Romane
1408 2132 1525 2161 ecclesie
1535 2140 1587 2160 nos
1598 2131 1816 2160 constituimus
1823 2131 1974 2168 possidere
1983 2142 1993 2166 ,·
2008 2131 2140 2160 cedentes
2149 2135 2240 2168 atque

1268 2185 1450 2214 mandantes
1464 2185 1519 2213 tibi
1531 2185 1649 2222 prefato
1660 2184 1783 2212 domino
1798 2184 1969 2212 camerario
1982 2184 2104 2212 nomine
2119 2183 2240 2212 domini

1264 2247 1341 2275 pape
1364 2242 1390 2266 el
1416 2238 1544 2266 Romane
1567 2237 1685 2265 ecclesie
1708 2237 1812 2264 omnia
1826 2236 1905 2273 jura
1931 2241 1956 2264 et
1981 2244 2083 2265 omnes
2106 2236 2240 2265 actiones

1267 2291 1358 2319 utiles
1378 2295 1403 2318 et
1426 2290 1565 2325 directas,
1584 2289 1757 2327 personales
1779 2293 1805 2317 et
1824 2289 1931 2324 reales,
1949 2297 2005 2326 que
2026 2293 2052 2318 et
2075 2297 2151 2326 quas
2164 2289 2239 2325 jure

1267 2343 1500 2372 communitatis
1518 2343 1661 2371 habemus
1682 2347 1708 2370 et
1729 2343 1814 2371 nobis
1829 2346 2001 2379 competunt
2017 2342 2063 2370 vel
2077 2346 2240 2379 competere

1263 2402 1383 2434 possent
1398 2402 1503 2426 contra
1519 2404 1743 2433 quamcumque
1758 2404 1917 2433 personam
1933 2396 1977 2424 cel
1992 2396 2237 2424 universitatem.

1266 2451 1301 2479 Et
1315 2451 1460 2487 promitto
1476 2450 1600 2478 nomine
1614 2449 1690 2477 dicte
1706 2448 1938 2477 communitatis
1951 2447 2092 2485 quodJ‘us
2105 2452 2130 2476 et
2143 2448 2239 2477 actio-

1268 2512 1333 2532 nem
1353 2507 1487 2531 nostram
1503 2503 1566 2531 sive
1575 2502 1711 2539 predicta
1728 2502 1805 2530 bona¹
1821 2501 1879 2529 alii
1896 2510 1957 2530 non
1974 2501 2176 2530 concessimus
2187 2509 2239 2529 seu

1266 2556 1406 2585 dedimus
1418 2556 1463 2584 vel
1476 2556 1581 2592 aliquo
1595 2555 1681 2584 modo
1692 2554 1901 2583 alienavimus
1911 2563 1920 2589 ;
1932 2553 2011 2591 quod
2021 2554 2047 2582 si
2058 2553 2239 2591 apparuerit

1266 2609 1365 2638 alicui
1381 2617 1499 2645 quoquo
1518 2608 1602 2636 modo
1618 2607 1747 2642 dedisse,
1765 2607 1913 2644 promitto
1929 2611 1955 2635 ct
1976 2606 2072 2643 obliqo
2087 2614 2239 2643 procura-

1267 2663 1343 2691 torio
1363 2662 1485 2690 nomine
1501 2662 1614 2690 dictam
1633 2661 1886 2689 communitatem
1902 2665 1927 2689 et
1944 2668 2045 2688 omnes
2061 2664 2087 2688 et
2101 2659 2240 2696 singulos

1266 2715 1300 2743 de
1315 2715 1535 2744 communitate
1548 2714 1684 2751 predicta
1700 2718 1726 2742 et
1742 2721 1844 2742 eorum
1863 2712 1983 2741 heredes
1999 2713 2046 2741 vel
2060 2720 2240 2741 successores

1265 2773 1291 2796 et
1307 2768 1411 2796 omnia
1428 2768 1502 2796 bona
1519 2775 1621 2795 eorum
1639 2767 1756 2795 dictum
1772 2766 1931 2794 dominum
1949 2774 2061 2802 papam
2082 2769 2108 2793 et
2129 2765 2240 2794 Roma-

1267 2830 1337 2849 nam
1353 2821 1506 2853 ecclesiam
1520 2819 1628 2848 exinde
1642 2820 1775 2856 lessitime
1786 2818 1942 2854 defendere
1953 2818 1988 2846 ab
1999 2818 2086 2846 omni
2096 2825 2236 2855 persona,

1266 2878 1292 2902 et
1308 2874 1486 2910 indempnes
1502 2877 1644 2911 perpetuo
1659 2880 1846 2901 conservare.
1871 2871 1928 2900 Hec
1945 2875 2047 2899 autem
2063 2870 2169 2899 omnia
2184 2878 2240 2898 su-

1262 2927 1405 2964 pradicta
1432 2931 1463 2955 ut
1485 2926 1603 2954 dictum
1625 2929 1665 2954 est
1691 2925 1745 2953 tibi
1762 2924 1898 2962 predicto
1920 2923 2045 2952 domino
2067 2922 2238 2952 camerario

1263 2989 1320 3017 pro
1335 2980 1459 3008 domino
1475 2988 1554 3017 papa
1568 2983 1593 3008 et
1607 2979 1743 3008 Romana
1757 2977 1880 3006 ecclesia
1898 2977 1932 3005 in
1946 2980 2127 3013 perpetuum
2143 2975 2239 3004 vendo
