2392 3571
158 335 214 365 512>

197 406 223 428 et
249 401 381 428 Romana
411 399 530 426 ccclesia
558 399 588 426 in
614 397 738 432 feudum
765 398 798 425 de
826 402 918 426 cetero
943 402 1105 432 teneamus,
1136 401 1160 424 et

197 452 303 480 erinde
321 452 416 488 ipsius
432 451 551 479 domini
564 459 637 487 pape
657 455 682 478 et
695 450 826 478 Romane
842 450 959 478 ecclesie
976 450 1101 478 vassalli
1117 450 1159 477 si-

197 513 264 531 mus
280 508 420 540 perpetuo
435 508 460 530 ct
475 502 584 538 fideles,
603 507 627 530 et
641 503 682 530 eis
696 507 818 539 propter
830 503 882 531 hoe
895 503 1160 540 specialiterprcs-

198 562 293 584 temus
309 555 484 590 homayium
502 554 667 590 personale.
685 554 742 582 Pro
759 554 814 581 bac
831 559 930 582 autem
952 555 1122 583 venditione
1136 560 1161 583 ct

199 608 363 635 traditione
387 606 530 642 confiteor
554 606 630 633 milti
652 606 738 643 plene
760 607 891 635 solutum
917 616 974 635 esse
996 612 1020 634 (Ἰ
1048 608 1161 643 inteyre

197 660 338 696 recepisse
360 668 377 686 a
400 658 522 687 ‹timiino
546 659 714 693 Benedicto,
738 659 856 687 dammi
880 668 955 697 pape
978 661 1157 695 camerario,

198 713 320 740 nomine
339 712 433 748 ipsius
451 711 571 739 domini
588 720 663 748 pape
686 712 825 746 solvente,
851 721 944 741 xxxx]
964 713 1057 741 libras
1072 714 1162 742 bono-

199 773 266 792 rum
294 764 541 800 proveniensium
567 769 702 799 senalus,
735 764 768 792 de
796 766 905 801 quibus
929 767 997 794 bene
1023 775 1067 793 me
1097 776 1162 795 coco

196 818 348 854 quietam,
371 817 537 853 e.r‹.·eptioni
554 825 610 845 non
629 822 786 845 numerate
799 818 927 854 pecunie
943 819 1161 847 renuntiando.

196 870 231 898 Et
247 870 272 897 si
288 869 421 905 predicta
439 869 512 897 bona
530 869 599 906 plus
619 870 736 905 valent,
765 875 856 898 totum
880 880 896 898 a
913 873 1046 908 presenti
1068 873 1160 901 eidem

197 922 319 950 domino
338 930 412 958 pape
425 926 451 949 et
464 922 595 950 Romane
611 923 727 950 ecclesie
743 923 832 951 libere
850 924 927 951 dono
946 929 971 952 et
988 926 1111 953 concedo
1131 927 1160 954 in

195 979 386 1012 perpetuum.
403 975 461 1002 Pro
477 975 586 1011 quibus
605 976 746 1003 omnibus
763 976 958 1004 observandis
974 979 1079 1006 omnia
1098 987 1162 1007 ¹mea

198 1029 274 1056 bona
291 1028 415 1056 mobilia
429 1032 453 1055 et
473 1028 651 1062 immobilia,
673 1028 774 1056 habita
791 1033 815 1056 et
833 1029 980 1064 habenda,
1000 1031 1093 1058 eidem
1111 1031 1163 1060 ‹lo-

198 1082 282 1109 mino
303 1089 378 1117 pape
404 1085 429 1109 et
451 1081 669 1109 successoribus
695 1081 760 1109 suis
781 1082 876 1118 obtiyo
899 1087 925 1110 et
947 1083 1046 1111 eadem
1069 1084 1103 1111 ab
1123 1084 1165 1112 eis

195 1139 319 1172 propter
339 1134 391 1162 hoc
413 1134 585 1171 specialiter
604 1135 745 1171 precario
768 1144 812 1161 me
834 1136 982 1164 constituo
1002 1137 1161 1172 possidere.

196 1187 410 1216 Renuntiando
428 1187 459 1215 in
474 1187 536 1215 hiis
549 1187 688 1215 omnibus
699 1187 782 1215 omni
792 1188 878 1223 juris
890 1189 1009 1217 ausilio
1022 1190 1165 1218 canonici

197 1245 223 1268 et
239 1240 350 1274 civilis,
370 1240 584 1268 consuetzulini
601 1244 626 1268 et
641 1244 767 1276 statuta,
787 1245 811 1268 ct
827 1242 910 1269 omni
924 1242 1039 1270 actioni
1060 1251 1164 1279 excep—

199 1293 278 1322 tioni
299 1298 324 1320 et
346 1293 392 1320 rei
414 1301 469 1329 que
484 1297 603 1329 possent
625 1293 702 1320 obici
723 1298 827 1321 contra
856 1294 1093 1323 instrumentum
1122 1296 1165 1324 rel

197 1347 324 1382 factum.
338 1346 422 1373 Hanc
435 1350 534 1374 autem
553 1345 753 1374 venditionem
769 1355 819 1374 seu
833 1347 1047 1376 alienationem
1061 1353 1086 1377 et
1100 1353 1164 1377 tra-

198 1400 346 1427 ditionem
362 1403 387 1427 ct
403 1399 505 1427 omnia
522 1398 697 1435 supradicta
708 1400 888 1435 juramento
904 1409 920 1428 a
937 1409 982 1428 me
996 1402 1164 1438 corporali-

198 1458 242 1481 ter
257 1452 381 1489 prestito
395 1453 540 1488 promitto
555 1460 609 1488 pro
628 1460 670 1479 me
689 1452 820 1488 meisque
836 1453 994 1481 heredibus
1009 1458 1034 1482 et
1050 1462 1164 1483 sueces-

198 1506 317 1534 soribus
340 1510 481 1542 perpetuo
507 1505 640 1541 firmiter
664 1510 689 1533 et
716 1505 937 1533 inviolabiliter
961 1506 1117 1535 observare
1140 1512 1165 1535 et

199 1567 259 1587 non
277 1563 382 1586 eontra
409 1559 524 1593 renire,
549 1557 598 1586 sed
618 1558 645 1586 si
660 1566 734 1595 opus
749 1562 775 1586 et
790 1566 903 1586 necesse
918 1559 1014 1593 suerit
1032 1559 1165 1595 leyitime

199 1612 352 1647 defendere
372 1612 406 1638 ab
422 1611 508 1639 omni
520 1619 661 1647 persona⁴
688 1610 770 1644 Quod
785 1611 812 1638 si
827 1611 964 1647 predicta
980 1613 1087 1640 omnia
1106 1621 1165 1641 non

197 1673 357 1694 serracero
374 1664 419 1692 vel
436 1664 566 1700 quotibet
585 1664 669 1691 modo
684 1672 789 1692 venero
804 1669 909 1692 contra
922 1666 1166 1702 premissafflre-

198 1719 310 1747 dictam
336 1717 499 1754 pecuniam
526 1717 650 1744 nomine
672 1725 748 1753 pene
771 1716 896 1753 duplam
921 1717 1014 1746 eidem
1043 1717 1167 1747 domino

195 1780 272 1809 pape
282 1771 404 1806 suisque
415 1770 723 1806 successoribusprom
731 1770 783 1798 itto
794 1778 840 1797 nte
851 1770 965 1806 inteyre
976 1771 1164 1806 soluturum,

199 1829 224 1853 et
238 1833 314 1861 pena
333 1824 430 1852 soluta
447 1823 540 1859 liujus
558 1822 744 1851 venditionis
757 1827 929 1851 contractus
942 1824 971 1852 in
989 1833 1045 1852 sua
1063 1825 1165 1853 nichi-

199 1878 334 1906 lominus
346 1880 524 1913 permaneat
538 1876 697 1912 firmitate.

239 1931 344 1959 Actum
366 1930 554 1967 presentibus
575 1930 695 1957 testibus
716 1930 755 1958 ad
775 1930 827 1958 lioc
848 1931 1019 1967 specialiter
1039 1932 1164 1967 royaffs,

197 1984 310 2012 scilieet
326 1994 335 2011 .-

292 2036 549 2073 archipresbytero
565 2037 664 2064 sancti
683 2036 854 2073 Pancraffi,
873 2041 959 2072 teste,-

240 2089 339 2116 Lando
355 2089 389 2117 de
403 2089 502 2123 Atina,
523 2093 590 2117 teste
599 2099 608 2123 ,-

241 2141 375 2170 Guidone
390 2141 423 2170 dc
439 2141 595 2179 Ceperano‚
617 2147 703 2177 teste,-

237 2194 375 2222 Jolianne
392 2194 425 2222 de
444 2194 570 2229 Verulis,
590 2199 676 2229 teste‚·

239 2247 324 2276 Petro
340 2247 373 2275 de
388 2248 497 2284 Aprili,
522 2252 608 2282 teste,·

239 2305 264 2328 ct
280 2300 418 2328 Johanne
434 2300 467 2328 dc
482 2301 635 2337 Anagnia,
656 2306 734 2329 teste.

240 2353 272 2380 Et
289 2361 338 2389 eqo
351 2353 514 2381 Riceardus
532 2354 703 2390 imperialis
718 2354 787 2382 aule
802 2354 990 2383 scriniarius
1007 2355 1085 2384 hanc
1098 2365 1168 2385 car-

200 2410 263 2434 tam
278 2406 388 2442 scripsi
401 2410 427 2434 et
441 2407 586 2443 complevi
601 2411 736 2443 *royatum

160 2562 332 2593 CCLVIII.
351 2580 389 2585 —
409 2563 558 2594 CARTULA
575 2573 776 2595 vEmemNts
792 2574 887 2595 men:
903 2574 941 2595 ΑΒ
956 2565 1109 2596 ISABELLA
1127 2576 1167 2596 ET

197 2616 347 2646 ‹IOHANNE
364 2626 401 2646 m:
418 2617 554 2648 Munom
567 2619 588 2646 ¹.

239 2722 275 2750 In
298 2723 418 2751 nomine
434 2723 567 2758 Domini,
586 2733 686 2752 (tmen.
706 2724 792 2753 Anno
810 2725 1038 2754 incarnationis
1054 2726 1167 2754 Christi

200 2893 222 2918 t.
241 2892 255 2917 6
273 2893 374 2918 scm-'101-
394 2893 468 2920 1233.
489 2909 524 2914 —
547 2894 640 2921 meme
664 2896 778 2922 cession
801 2905 872 2930 pour
897 2905 952 2923 une
975 2905 1087 2924 somme
1109 2907 1165 2925 non

161 2941 321 2970 transm-ito,
341 2949 389 2974 pat·
406 2941 536 2974 Isabelle,
554 2943 656 2969 femme
680 2943 715 2969 de
737 2943 809 2970 Jcan
832 2944 867 2970 de
892 2944 1015 2978 Μαι-010,
1038 2946 1077 2972 du
1095 2954 1166 2973 con-

162 2992 325 3015 sentement
341 2989 374 3014 dc
391 2997 442 3015 son
459 2991 538 3016 mari.

703 331 753 360 LE
779 330 922 360 LIBER
944 330 1177 360 CENSUUM
1202 329 1256 359 DE
1280 320 1467 359 L‘EGLISE
1490 329 1701 359 ROMAINE.

1284 396 1447 424 millesimo
1458 396 1690 431 CC0XA2Yterti0,
1704 396 1902 433 pontificatus
1916 397 2034 425 domini
2047 396 2077 425 G.
2091 406 2165 434 pape
2176 398 2249 426 noni

1283 457 1365 478 anno
1381 454 1469 485 sesto,
1488 458 1586 478 mense
1599 451 1753 485 februario
1771 450 1817 479 die
1839 450 1881 485 rt,
1899 450 2066 479 ⁴indictione
2080 456 2171 479 serta.
2191 451 2250 489 Eyo

1282 502 1409 530 Isabella
1426 511 1504 530 uxor
1518 503 1668 531 Jolzannis
1689 503 1722 530 de
1741 503 1856 531 Murolo
1872 503 1935 540 ipso
1950 503 2018 531 viro
2039 504 2102 531 meo
2117 509 2251 540 presente

1284 562 1318 582 ac
1337 555 1449 583 colente
1472 560 1561 591 atquc
1579 556 1781 583 consentiente
1798 556 1853 583 hac
1870 555 1917 583 die
1935 556 2069 592 presenti
2082 556 2208 592 propria
2226 561 2252 584 et

1284 608 1377 635 libera
1399 608 1552 636 voluntate
1576 608 1669 637 vendo
1691 613 1717 636 et
1740 608 1979 636 irrevocabiliter
2001 608 2086 636 trado
2109 608 2162 637 tibi
2184 617 2251 637 ma-

1283 661 1378 695 qistro
1391 660 1487 688 Boetia
1498 660 1616 689 domini
1625 669 1700 697 pape
1711 661 1817 689 clerico
1832 665 1857 688 et
1868 660 2026 695 familiari
2042 660 2253 697 procuratorio

1286 713 1407 740 nomine
1422 721 1476 749 pro
1486 713 1697 750 tloniinopapa
1707 713 1830 749 suisque
1843 713 2061 741 successoribus
2077 717 2102 740 et
2119 713 2253 740 Romana

1285 765 1406 794 ecclesia
1423 766 1582 802 recipienti
1596 765 1634 794 ad
1648 775 1720 803 opus
1732 770 1756 794 ct
1771 766 1934 794 utilitatem
1950 765 2085 802 ipsoram
2097 769 2250 802 perpetuo,

1284 818 1421 846 videlicet
1440 823 1529 846 totam
1547 823 1572 846 et
1594 819 1742 854 inteyram
1759 822 1878 855 partem
1896 823 2031 846 nostram
2050 825 2130 846 rocce
2146 822 2172 845 et
2188 825 2253 845 cas—

1286 871 1326 898 tri
1348 871 1473 899 I’atiani
1496 876 1521 899 et
1539 871 1680 900 Serronis
1701 881 1767 899 eum
1792 871 1929 899 domibus
1953 875 1978 898 et
1998 870 2145 898 casalinis
2169 870 2252 905 infra

1284 923 1407 951 candem
1423 932 1536 951 roceam
1549 924 1755 957 existentilnts,
1771 924 1848 951 sicut
1862 932 1889 950 m
1897 922 1958 950 ichi
1970 927 1996 950 et
2008 922 2165 950 heredibus
2180 922 2253 949 meis

1286 981 1458 1013 competunt
1474 985 1527 1013 pro
1538 977 1636 1004 diviso
1649 976 1693 1004 vel
1707 976 1839 1004 indiviso
1853 980 1957 1004 etcum
1976 975 2144 1011 omnijure
2154 974 2253 1010 juris-

1287 1028 1416 1057 dictione
1441 1028 1577 1056 ‹lominio
1599 1029 1717 1057 actione
1739 1032 1765 1056 et
1788 1028 1899 1056 honore
1920 1031 1945 1055 et
1966 1027 2071 1055 omnia
2092 1034 2157 1054 ntea
2178 1026 2253 1055 bona

1289 1081 1470 1116 immobilia.
1507 1086 1569 1109 tant
1604 1081 1635 1109 in
1668 1081 1758 1109 terris
1787 1088 1878 1116 quam
1907 1080 1941 1107 in
1964 1079 2072 1113 vineis,
2100 1078 2251 1113 vassallis,

1284 1134 1394 1171 pratis,
1429 1134 1589 1168 montibus,
1626 1133 1766 1167 collibus,
1798 1133 1902 1166 silvis⁷
1932 1132 2089 1169 planiciis,
2119 1131 2250 1168 pascuis,

1286 1188 1376 1223 aquis
1388 1191 1413 1215 et
1426 1187 1666 1215 comunitatibus
1682 1186 1847 1219 unit-ersis,
1861 1186 1937 1213 sicut
1950 1184 2046 1212 michi
2061 1189 2086 1212 et
2099 1183 2257 1212 heredibus

1287 1240 1361 1267 vmeis
1377 1244 1548 1276 competant
1559 1248 1614 1276 pro
1628 1239 1725 1267 diviso
1740 1240 1785 1267 cel
1800 1238 1933 1267 indiviso
1947 1238 1976 1266 in
1988 1237 2134 1274 predictis
2148 1237 2256 1265 castris

1287 1293 1372 1320 vintus
1389 1297 1414 1320 et
1431 1297 1517 1320 elstra
1532 1297 1557 1320 et
1571 1301 1626 1328 per
1646 1296 1740 1320 totum
1759 1300 1861 1319 eorum
1882 1290 2072 1318 territorium
2091 1294 2116 1317 et
2133 1289 2256 1318 distric-

1288 1350 1362 1379 tum,
1383 1350 1408 1372 et
1424 1345 1571 1381 quicquid
1588 1353 1637 1381 eqo
1654 1345 1699 1372 vel
1715 1344 1779 1372 alia
1790 1351 1919 1381 persona
1932 1351 1987 1380 pro
2005 1351 2049 1370 me
2066 1342 2099 1370 de
2112 1341 2257 1379 predictis

1287 1398 1427 1425 omnibus
1449 1398 1652 1434 possidemus,
1682 1406 1698 1425 a
1725 1397 1858 1434 presenti
1883 1396 2032 1424 constituo
2059 1403 2104 1423 me
2134 1395 2257 1423 nomine

1286 1450 1417 1477 Romane
1438 1450 1556 1478 ecclesie
1575 1449 1742 1486 possidere,
1763 1453 1789 1477 et
1807 1449 1842 1476 do
1859 1453 1883 1476 et
1908 1447 2032 1476 concedo
2056 1448 2113 1484 ipsi
2133 1447 2257 1475 domino

1284 1510 1360 1539 pape
1382 1502 1505 1538 suisque
1529 1501 1748 1530 successoribus
1770 1501 1896 1529 liberam
1916 1504 2088 1537 potestatem
2116 1499 2257 1528 intrandi

1288 1559 1314 1582 et
1335 1554 1506 1590 accipiendi
1524 1562 1578 1590 per
1602 1562 1630 1582 se
1650 1554 1696 1582 vel
1715 1562 1770 1590 per
1788 1557 2019 1590 procuratorem
2041 1560 2132 1580 suum
2153 1555 2257 1580 aucto-

1287 1608 1379 1635 ritate
1409 1607 1539 1644 propria
1573 1607 1788 1643 possessionem
1822 1614 1890 1645 omn
1899 1606 1963 1634 ium
1991 1605 2201 1642 predictorum
2232 1609 2258 1632 et

1288 1659 1418 1688 habendi
1436 1659 1557 1688 tenendi
1570 1659 1745 1695 possidendi
1761 1658 1800 1686 ad
1812 1667 1886 1695 opus
1902 1662 1927 1686 et
1944 1657 2111 1686 utilitatem
2127 1657 2258 1685 Romane

1288 1712 1404 1740 ecclesie
1422 1712 1456 1740 in
1470 1716 1647 1749 perpetuum
1663 1712 1767 1739 omnia
1780 1710 1968 1747 supradicta,
1988 1710 2071 1738 salvo
2083 1718 2138 1747 per
2153 1709 2257 1737 omnia

1289 1765 1384 1793 ¹michi
1405 1769 1430 1793 et
1451 1765 1611 1793 heredibus
1633 1769 1658 1792 et
1679 1764 1898 1792 successoribus
1916 1763 1989 1791 meis
2003 1767 2162 1800 perpetuo,
2181 1761 2260 1798 quod

1289 1827 1390 1847 omnes
1407 1818 1604 1855 possessiones
1625 1822 1650 1846 et
1673 1818 1750 1846 bona
1772 1817 1942 1845 immobilia
1965 1820 2052 1844 e.rtra
2074 1816 2260 1844 munitiones

1286 1872 1497 1909 predictorum
1520 1875 1692 1899 castrorum
1714 1870 1815 1907 posita
1840 1874 1866 1898 et
1893 1868 2029 1897 redditus
2053 1868 2255 1897 vassallorum

1289 1933 1427 1953 meorum
1439 1932 1511 1961 quos
1524 1928 1549 1952 et
1566 1933 1622 1960 que
1632 1924 1649 1951 lt
1657 1923 1726 1960 ujus
1742 1922 1941 1951 alienationis
1958 1926 2086 1958 tempore
2103 1921 2136 1949 ¹in
2151 1920 2259 1949 castris

1290 1978 1457 2006 habueram
1475 1977 1663 2014 supradictis
1674 1985 1692 2005 a
1708 1976 1830 2004 domino
1844 1983 1926 2012 papa
1942 1979 1967 2003 et
1984 1975 2120 2003 Ronzana.
2137 1973 2258 2002 ecclesia

1290 2031 1325 2060 in
1344 2030 1471 2066 seudum
1492 2030 1526 2058 de
1550 2035 1643 2058 cetero
1666 2034 1830 2062 teneamus,
1854 2032 1880 2056 et
1903 2027 2010 2056 eoeinde
2028 2027 2124 2064 ipsius
2139 2025 2259 2054 domini

1286 2093 1364 2122 pape
1379 2088 1405 2112 et
1420 2084 1552 2112 Romane
1564 2083 1682 2111 ecclesie
1695 2081 1821 2110 vassalli
1833 2081 1931 2109 simus
1944 2084 2087 2117 perpetuo
2105 2083 2130 2108 ct
2145 2078 2256 2115 fideleS,

1290 2143 1315 2168 et
1330 2139 1372 2167 eis
1385 2142 1508 2175 propter
1519 2137 1573 2165 hoc
1586 2141 1755 2173 prestemus
1765 2135 1942 2172 homaqium
1954 2133 2122 2171 personale.
2133 2133 2190 2161 Pro
2203 2132 2258 2160 hac

1290 2197 1392 2221 autem
1406 2191 1577 2220 venditione
1589 2195 1614 2219 et
1630 2189 1796 2219 traditione
1808 2188 1949 2225 confiteor
1960 2196 2006 2215 me
2017 2187 2158 2224 recepisse
2169 2190 2194 2214 et
2205 2186 2258 2214 lia-

1290 2246 1386 2274 buissc
1399 2254 1417 2273 a
1434 2244 1557 2273 domino
1568 2243 1724 2271 Benedicta
1735 2241 1856 2270 domini
1866 2249 1943 2278 pape
1953 2240 2124 2269 camerario
2136 2239 2259 2267 nomine

1289 2299 1388 2336 ipsius
1405 2297 1526 2326 domini
1538 2305 1614 2334 pape
1627 2296 1758 2324 solvente
1958 2297 2091 2326 senatus,
2102 2291 2135 2320 cle
2148 2291 2258 2329 quibus

1290 2351 1359 2380 bene
1369 2360 1414 2379 me
1426 2358 1494 2379 voco
1504 2349 1604 2386 quieta
1611 2357 1636 2376 m
1645 2371 1650 2383 ,
1659 2347 1827 2385 exceptioni
1839 2355 1898 2375 non
1907 2350 2066 2375 *numerate
2073 2345 2201 2382 pecunie
2211 2353 2257 2372 re-

1289 2403 1481 2438 nuntiando;
1492 2407 1517 2431 et
1528 2402 1555 2430 si
1564 2401 1699 2439 predicta
1710 2400 1861 2437 bonaplus
1871 2399 1983 2433 vatent,
1993 2402 2085 2426 totum
2098 2397 2257 2434 apresenti

1290 2458 1386 2487 eidem
1402 2457 1525 2485 domino
1540 2464 1618 2493 pape
1633 2459 1659 2483 et
1677 2455 1808 2483 Romane
1826 2453 1943 2481 ecclesie
1964 2452 2053 2480 libere
2074 2451 2150 2479 dono
2168 2455 2258 2486 atque

1289 2511 1414 2541 concedo
1436 2511 1468 2539 in
1487 2514 1666 2547 perpetuum
1679 2531 1685 2542 ‚
1709 2512 1734 2536 et
1753 2515 1806 2544 pro
1826 2506 1887 2534 hiis
1903 2505 2043 2534 omnibus
2064 2503 2258 2533 observandis

1289 2565 1394 2593 omnia
1409 2567 1514 2592 nostra
1525 2563 1612 2596 bona,
1626 2561 1752 2589 mobilia
1765 2564 1790 2588 et
1806 2558 1985 2593 immobilia,
2003 2557 2157 2595 presentia
2168 2561 2194 2585 et
2204 2557 2257 2591 su-

1291 2622 1372 2651 tura,
1384 2616 1477 2645 eidem
1489 2615 1612 2644 domino
1622 2622 1697 2651 pape
1707 2618 1733 2641 et
1743 2613 1873 2641 Romane
1885 2611 2003 2640 ecclesie
2014 2610 2111 2646 obligso
2119 2613 2145 2638 et
2154 2608 2256 2637 eadem

1286 2674 1410 2708 propter
1425 2670 1478 2698 hoc
1493 2668 1664 2706 specialiter
1676 2667 1711 2695 ab
1726 2667 1800 2703 ipsis
1814 2674 1859 2693 me
1872 2665 2021 2693 constituo
2034 2662 2175 2701 precario
2187 2670 2257 2699 pos-

1288 2725 1396 2753 sidere.
1413 2721 1628 2752 Renuntiantlo
1645 2721 1676 2749 in
1697 2720 1759 2748 hiis
1775 2719 1915 2748 omnibus
1930 2717 2014 2746 omni
2032 2717 2119 2753 juris
2137 2715 2258 2744 auxilio

1289 2777 1430 2806 canonici
1442 2780 1467 2805 et
1478 2775 1591 2809 civilis,
1605 2772 1821 2803 consuetudini
1832 2776 1858 2800 et
1869 2775 1992 2805 statuto,
2005 2774 2031 2798 et
2045 2769 2130 2797 omni
2142 2767 2258 2797 actioni

1288 2831 1456 2868 exceptioni
1475 2835 1500 2857 et
1523 2829 1566 2856 rei
1586 2836 1642 2864 que
1659 2830 1778 2863 possent
1794 2825 1872 2853 obici
1890 2829 1995 2852 contra
2013 2823 2254 2851 instrumentum

1288 2884 1473 2919 velfactum.
1485 2882 1570 2911 Hanc
1581 2884 1681 2909 autem
1696 2878 1901 2908 venditionem
1913 2881 1939 2905 et
1953 2875 2151 2904 traditionem
2161 2874 2257 2910 jura-

1288 2941 1387 2965 mento
1410 2945 1428 2964 a
1449 2944 1495 2963 me
1516 2933 1715 2971 corporaliter
1729 2931 1856 2968 prestito
1874 2937 1929 2966 pro
1949 2937 1996 2957 ‘me
2016 2928 2148 2963 meisque
2170 2927 2256 2954 licre-

1288 2990 1376 3018 dibus
1392 2993 1417 3017 et
1439 2987 1656 3017 successoribus
1672 2985 1818 3022 promitto
1840 2986 1983 3020 perpetuo
2001 2980 2135 3017 firmiter
2157 2983 2183 3007 et
2205 2979 2258 3007 in·-
