2392 3571
647 355 696 383 LE
719 354 863 383 LIBER
886 352 1117 383 CENSUUM
1141 352 1194 381 DE
1218 342 1402 380 L‘F'JGLISE
1426 350 1631 379 ROMAINE.
2118 346 2174 377 581

143 421 278 448 familiare
304 421 410 448 domini
435 421 571 456 Raynerii
593 420 762 453 cardinalis,
787 419 939 446 Thomasio
963 419 1098 445 familiare

141 470 250 496 domini
273 470 409 504 Stephani
430 469 598 501 cardinalis⁷
621 469 788 503 Negovante
805 472 832 494 et
850 467 981 494 petrucio
998 475 1099 493 curso-

145 520 224 546 ribus
247 519 352 545 domini
374 527 444 554 pape
455 540 461 552 ‚
479 518 568 544 Conio
584 518 618 544 (le
636 517 797 547 Verulis....
812 517 1059 551 archipresbytero
1073 520 1101 542 et

144 568 282 602 magistro
299 567 425 594 Roberto
440 567 577 593 canonico
590 566 798 596 Arb01·ensi,et
811 565 906 592 multis
916 565 979 591 aliis
990 564 1102 591 clericis

142 620 174 643 et
189 616 287 651 laycis.

179 672 240 706 Ego
257 671 421 706 Gregorius-
431 674 612 698 sacrosancte
628 671 756 697 Romane
778 670 900 696 ecclesie
921 668 1102 701 scriniarius⁷

146 721 181 746 de
199 720 330 746 mandato
391 719 598 753 archiepiscopi
616 718 791 744 Arbor-ensis
809 718 862 744 hoc
881 718 1103 744 instrumentum

145 769 249 796 scribsi
272 772 300 794 et
323 768 464 802 complevi
487 775 608 802 meoque
628 767 711 801 signo
730 767 842 801 signavi
865 769 892 792 et
913 767 940 792 in
962 765 1104 800 publicam

145 818 262 844 sormam
279 817 385 850 redegi.

180 872 216 899 Et
232 880 286 905 ego
301 871 438 898 Nicolaus
454 870 626 897 Ferentinus
642 873 740 896 sancte
754 869 882 896 Romane
898 869 1019 895 ecclesie
1033 867 1105 895 scri-

147 922 264 955 niarius,
281 922 355 948 sicut
370 920 465 947 inveni
481 920 508 946 in
526 919 652 955 predicto
670 919 782 955 publico
799 923 826 945 et
839 918 982 945 autentico
998 918 1106 944 instru-

147 974 256 1002 mento,
274 969 422 996 actoritate
442 968 520 995 sedis
539 968 694 1002 apostolice
715 967 753 993 ita
775 967 810 993 de
833 967 918 993 verbo
935 966 968 992 ad
988 966 1105 992 verbum

147 1018 305 1053 exemplavi
323 1018 408 1044 nichil
425 1016 602 1044 immutando
620 1020 648 1042 et
663 1017 777 1051 signum
795 1016 858 1042 feci.

116 1199 322 1234 ICCCXXXIJ.
346 1215 379 1219 —
403 1199 604 1227 Cous'rrrurrun
634 1206 810 1225 PROCURATOR
840 1206 890 1224 ran
917 1205 1043 1224 LEGATUM
1074 1205 1107 1223 An

149 1257 294 1276 ronannuir
309 1256 538 1275 ARCHIEPiSGOPUM
554 1256 580 1274 in
595 1255 772 1274 POSSESSIONE
788 1255 857 1273 niori
874 1254 966 1272 cas‘rm
978 1252 997 1272 ¹.

185 1365 203 1397 ἦ-
225 1363 257 1390 In
280 1364 393 1390 nomine
409 1363 515 1389 domini
534 1362 624 1388 nostri
639 1361 710 1388 Jesu
729 1360 844 1388 Christi.
866 1360 928 1387 Hoc
948 1364 993 1387 est
1013 1368 1110 1386 exem-

150 1412 227 1448 plum
242 1412 393 1446 cujusdam
411 1411 516 1446 publici
531 1410 714 1437 instrumenti
731 1410 818 1444 hujus
835 1410 942 1435 tenoris
957 1420 962 1435 :

186 1459 218 1487 In
240 1461 355 1487 nomine
376 1459 502 1493 Domini,
519 1467 612 1485 amen.
634 1459 719 1484 Anno
738 1458 851 1484 Domini
874 1456 1110 1488 MCCXXXVII,

151 1509 306 1537 indictione
322 1509 374 1542 XI,
389 1512 516 1543 tempore
530 1507 635 1534 domini
648 1506 778 1541 Gregorii
791 1506 874 1532 V1111
886 1515 954 1541 pape
968 1515 1041 1532 anno
1056 1505 1111 1539 XI,

152 1561 252 1586 octavo
268 1558 313 1584 die
329 1560 452 1584 exeunte
468 1564 566 1582 mense
582 1555 679 1590 apreli.
702 1555 800 1582 Pateat
815 1556 949 1581 omnibns
965 1554 1113 1581 manifeste

152 1607 228 1642 quod
255 1606 283 1632 in
309 1606 452 1641 presentia
477 1605 531 1632 mei
558 1604 690 1639 Gregorii
712 1609 892 1630 sacrosancte
917 1603 1046 1629 Romane
1065 1611 1113 1629 ec-

154 1656 242 1683 clesie
262 1654 404 1682 scriniarii
424 1654 560 1688 magister
576 1652 740 1679 Alexander
759 1653 941 1687 cappellanus
961 1655 988 1678 et
1002 1651 1113 1686 legatus

153 1704 308 1740 apostolice
320 1703 397 1730 sedis
408 1702 558 1729 constituit
571 1705 599 1729 et
613 1701 753 1728 ordinavit
765 1701 911 1727 dominum
925 1700 1113 1727 Benedictum

153 1753 289 1780 clericum
310 1751 403 1778 sancti
424 1750 562 1786 Stephani
583 1750 617 1776 de
638 1750 736 1776 Alatro
756 1758 841 1776 suum
858 1753 966 1776 certum
984 1750 1114 1775 nuntium

153 1805 183 1828 et
198 1804 410 1836 procuratorem
426 1799 461 1826 ad
479 1799 649 1826 mittendum
667 1803 695 1825 et
715 1799 877 1833 ponendum
895 1799 921 1824 in
939 1799 1114 1833 corporalem

155 1849 370 1885 possessionem
382 1849 468 1874 castri
481 1847 556 1882 quod
568 1847 672 1873 dicitur
683 1847 814 1881 Girapala
866 1847 1113 1881 archiepiscopum

155 1898 366 1929 Arborensem,
392 1905 425 1924 ac
451 1896 606 1923 tenendum
632 1900 660 1922 et
684 1895 901 1922 custodiendum
927 1904 976 1930 pro
1001 1895 1114 1921 domino

154 1946 294 1981 Gregorio
311 1954 381 1980 papa
399 1948 426 1971 et
443 1945 564 1971 ecclesia
579 1943 709 1970 Romana
724 1947 752 1969 et
767 1944 834 1970 nulli
849 1944 894 1969 alii
911 1943 1115 1978 resignandum

155 2003 205 2030 per
222 1995 329 2021 dictum
345 1994 610 2028 archiepiscopum,
630 1992 684 2018 nisi
699 1993 745 2018 cui
763 1991 896 2018 dominus
912 2000 983 2026 papa
997 1991 1116 2018 manda-

156 2042 228 2070 verit
249 2042 398 2077 resignari.
423 2042 530 2068 Actum
552 2040 580 2067 in
605 2040 689 2066 domo
711 2040 832 2066 ecclesie
852 2044 950 2066 sancte
973 2040 1060 2066 Mai-ie
1082 2039 1116 2066 de

157 2091 337 2118 Bonarcanto
349 2098 444 2116 coram
457 2089 631 2124 subscriptis
643 2089 776 2122 testibus,
788 2088 919 2115 videlicet
974 2088 1074 2114 abbate
1083 2088 1117 2114 de

158 2139 315 2172 Falesia‚...
329 2140 421 2173 priore
437 2138 470 2164 de
482 2137 671 2167 Bonarcanto,
686 2137 822 2171 magistro
838 2137 1012 2167 Benencasa,
1028 2137 1118 2163 Offi-e-

158 2188 232 2215 done
257 2188 394 2215 familiare
418 2186 525 2213 domini
550 2186 687 2220 Rayncrii
707 2185 872 2218 cardinalis⁷
899 2185 1065 2219 Negovante
1091 2188 1119 2212 et

159 2237 292 2264 Petrucio
304 2235 472 2262 cursoribus
488 2234 595 2261 domini
610 2242 689 2269 pape,
703 2233 790 2259 Conio
804 2233 838 2259 de
851 2232 976 2265 Verulis,
987 2233 1118 2260 Johanne

159 2286 194 2313 de
209 2285 308 2312 Alatro
324 2288 353 2311 et
367 2284 430 2310 aliis
445 2283 558 2309 clericis
574 2286 603 2309 et
617 2282 716 2317 laycis.

197 2339 257 2375 Ego
275 2339 434 2373 Gregorius
454 2340 638 2364 sacrosancte
658 2337 786 2363 Romane
806 2337 926 2363 ecclesie
941 2337 1118 2370 scriniarius,

161 2388 196 2415 de
211 2388 344 2415 mandato
361 2387 428 2413 dicti
443 2385 552 2413 domini
566 2386 653 2420 legati
666 2386 721 2412 hoc
737 2385 960 2412 instrumentum
976 2386 1077 2412 scribsi
1093 2389 1121 2413 et

162 2437 302 2473 complevi
327 2444 448 2471 meoque
472 2436 556 2470 signo
584 2434 696 2469 signavi
725 2437 753 2460 et
778 2435 807 2460 in
832 2433 974 2469 publicam
1001 2434 1120 2460 formam

162 2487 267 2521 redegi.

196 2541 232 2569 Et
246 2550 300 2576 ego
316 2541 453 2567 Nicolaus
470 2539 642 2565 Ferentinus
656 2541 754 2565 sancte
770 2538 898 2564 Romane
913 2539 1033 2565 ecclesie
1051 2540 1122 2566 scri-

163 2591 271 2618 niarius
293 2591 370 2616 sicut
384 2589 480 2615 inveni
497 2589 524 2614 in
545 2587 671 2622 predicto
688 2586 801 2622 publico
814 2590 842 2613 et
857 2587 999 2613 autentico
1014 2587 1123 2614 instru-

163 2642 276 2672 mento,
298 2638 335 2664 ita
357 2637 478 2664 fideliter
497 2635 656 2670 exemplavi
675 2634 762 2662 nichil
782 2635 948 2661 inmutando
963 2639 992 2661 et
1005 2636 1121 2670 signum

163 2687 227 2715 feci.

166 2895 192 2922 1.
212 2892 393 2923 Bonareado,
409 2891 442 2918 23
459 2891 529 2918 avril
546 2891 624 2919 1237.
639 2905 673 2911 —
693 2889 878 2918 Procuration
899 2890 1010 2918 donnee
1029 2900 1080 2927 par
1098 2892 1124 2918 le

130 2942 205 2977 legat
225 2940 388 2968 Alexandra
407 2948 444 2966 au
465 2939 541 2966 clerc
565 2939 684 2971 Benoit,
709 2947 744 2966 en
764 2947 818 2966 vue
840 2939 875 2966 de
895 2940 976 2967 l'acte
997 2941 1124 2976 exprime

128 2990 242 3026 dansgla
256 2990 354 3017 charte
368 2988 546 3024 precedente.

1186 415 1405 450 [CCCXXXIII.
1428 431 1460 436 —
1479 416 1556 448 Qcon
1577 425 1660 443 Juoax
1682 417 1813 443 Annona
1829 425 1880 443 sos
1896 424 2054 443 cos‘rnfflfir
2074 423 2176 441 runau-

1217 473 1304 491 πλη
1326 473 1377 491 cusi
1402 473 1497 494 Ariona
1519 474 1577 491 εικῆ
1603 473 1729 491 insono
1750 464 1830 491 Sitnis
1852 465 2022 491 Aposromce
2050 472 2082 490 ετ
2101 471 2173 493 ouon

1217 521 1320 540 somnii
1335 522 1437 539 ci-:Nsmi
1454 522 1534 539 incra
1549 522 1652 541 casim
1667 522 1845 540 nisnrionuu
1858 517 1875 539 ¹.

1253 621 1272 653 †
1293 619 1323 645 In
1341 621 1453 646 nomine
1473 620 1578 647 domini
1601 622 1687 647 nostri
1702 621 1772 648 Jesu
1791 621 1907 648 Christi.
1932 621 1993 648 Hoc
2013 625 2057 647 est
2076 629 2176 647 exem-

1221 668 1297 702 plum
1315 668 1467 702 cujusdam
1485 670 1588 702 publici
1605 670 1786 696 instrumenti
1803 671 1887 706 hujus
1903 671 2010 697 tenoris
2028 680 2034 696 ε

1256 716 1287 742 In
1310 717 1424 742 nomine
1448 717 1574 749 Domini,
1592 728 1682 745 amen.
1702 719 1784 745 Anno
1807 719 1919 745 Domini
1940 717 2178 750 MCGXXXVH,

1221 764 1375 791 indictione
1389 765 1441 807 ΧΙέ
1455 770 1580 800 tempore
1592 767 1697 794 domini
1709 767 1838 802 Gregorii
1851 767 1933 794 VIIII
1949 776 2019 802 pape
2034 775 2107 793 anno
2123 765 2178 799 XI,

1221 813 1388 840 duodecima
1407 814 1452 840 die
1474 815 1595 841 intrante
1612 824 1708 842 mense
1725 817 1800 844 maii.
1825 816 1920 843 Pateat
1937 816 2069 842 omnibus
2085 814 2181 842 mani-

1222 862 1294 888 feste
1315 862 1389 896 qnod
1411 864 1548 896 magister
1568 864 1728 891 Alexander
1749 865 1911 899 capellanus
1927 869 1954 891 et
1969 866 2080 899 legatus
2095 870 2183 898 apos-

1222 911 1306 937 tolice
1331 911 1409 937 sedis
1432 912 1561 946 precepit
1585 912 1699 938 domino
1729 912 1812 939 Petro
1838 914 1927 947 judici
1956 913 2099 947 Arboree,
2125 912 2182 939 sub

1223 958 1318 985 debito
1348 960 1424 986 illins
1451 961 1607 994 juramenti
1630 969 1686 995 quo
1709 965 1821 988 tenetur
1843 961 1876 987 de
1901 961 2023 996 parendo
2047 960 2183 987 omnibus

1223 1007 1363 1034 mandatis
1379 1008 1486 1034 domini
1504 1018 1574 1043 pape
1589 1013 1616 1035 et
1628 1010 1749 1036 ecclesie
1761 1010 1887 1036 Romane
1902 1014 1930 1036 et
1945 1011 2036 1044 ipsius
2053 1009 2138 1043 legati
2153 1011 2184 1035 et

1223 1056 1277 1082 sub
1300 1056 1395 1083 debito
1415 1058 1572 1091 juramenti
1595 1059 1704 1092 prestiti
1729 1058 1871 1085 fidelitatis
1895 1058 2016 1084 ecclesie
2040 1058 2182 1089 Romane,

1224 1104 1300 1139 quod
1322 1104 1358 1131 de
1383 1108 1479 1131 cetero
1504 1114 1558 1132 non
1585 1106 1733 1132 contrahat
1757 1107 1878 1140 aliquam
1903 1107 2182 1140 consanguinitatem

1224 1153 1268 1178 vel
1292 1152 1455 1179 affinitatem
1479 1162 1545 1180 cum
1569 1154 1664 1188 aliquo
1690 1155 1733 1180 vel
1755 1155 1847 1189 aliqua
1872 1155 1978 1189 absque
2001 1154 2133 1181 mandato
2157 1156 2187 1180 et

1225 1201 1339 1228 licentia
1354 1202 1432 1228 sedis
1448 1202 1614 1237 Apostolice
1631 1204 1757 1237 speciali.
1781 1203 1892 1235 Quibus
1911 1204 1972 1237 ipse
1991 1207 2093 1238 sponte
2113 1210 2186 1229 con-

1226 1250 1317 1276 sensit
1332 1255 1360 1277 et
1374 1251 1510 1285 obligavit
1522 1255 1549 1277 et
1559 1251 1690 1286 promisit
1702 1260 1733 1278 se
1746 1252 1897 1278 facturum.
1912 1251 2043 1278 Preterea
2058 1250 2187 1286 precepit

1226 1298 1300 1325 idem
1333 1299 1445 1334 legatus
1476 1300 1603 1335 predicto
1624 1300 1715 1335 Judici
1738 1300 1822 1328 Petro
1850 1305 1880 1327 ut
1905 1301 2030 1335 quolibet
2054 1308 2128 1326 anno
2155 1300 2186 1326 iu

1227 1347 1300 1374 sesto
1316 1348 1390 1374 beati
1408 1348 1484 1375 Petri
1496 1358 1613 1376 censum
1626 1350 1747 1376 ecclesie
1758 1349 1886 1376 Romane
1901 1350 2038 1383 debitum,
2054 1349 2190 1376 videlicet

1228 1396 1303 1422 mille
1332 1401 1360 1423 et
1388 1401 1501 1424 centum
1528 1398 1667 1424 bisantios
1697 1406 1818 1429 aureos,
1848 1399 1939 1424 solvat
1967 1398 2184 1432 archiepiscopo

1228 1445 1387 1472 Arborensi
1414 1447 1527 1472 nomine
1552 1447 1672 1473 ecclesie
1698 1446 1842 1477 Romane,
1870 1447 1894 1472 si
1921 1447 2038 1473 nuntius
2064 1446 2189 1473 ecclesie

1230 1491 1359 1519 Romane
1375 1502 1493 1528 presens
1506 1502 1561 1520 non
1575 1498 1663 1522 esset.

1265 1541 1370 1568 Actum
1394 1542 1468 1576 apud
1493 1541 1718 1575 Boniti-cantum,
1740 1551 1834 1569 coram
1859 1543 2030 1578 subscriptis
2053 1543 2188 1573 testibus.

1230 1589 1363 1616 videlicet
1418 1591 1632 1626 archiepiscopo
1646 1592 1814 1624 Arborensi,
1832 1592 1917 1618 Petro
1934 1593 2068 1626 episcopo
2084 1592 2190 1618 Sancte

1230 1637 1324 1671 Juste,
1351 1638 1494 1666 Gnantino
1519 1640 1654 1674 episcopo
1678 1640 1874 1673 Tem-albensi,
1900 1639 2030 1666 Johanne
2052 1641 2190 1675 episcopo

1231 1686 1389 1721 Usellensi,
1470 1689 1563 1722 priore
1585 1688 1619 1714 de
1646 1687 1834 1720 Eunai-canto,
1861 1688 1997 1723 magistro
2022 1688 2191 1715 Benencasa

1231 1736 1368 1762 canonico
1385 1736 1483 1763 Sancti
1500 1736 1647 1763 Michaelis
1666 1736 1783 1769 Lucani,
1805 1741 1832 1763 et
1852 1737 1965 1763 domino
1982 1737 2135 1764 Guantino.

1267 1783 1326 1818 Ego
1346 1784 1503 1818 Gregorius
1523 1789 1704 1811 sacrosancte
1728 1785 1856 1811 Romane
1879 1786 1998 1812 ecclesie
2022 1785 2193 1812 scriniarius

1233 1833 1288 1858 hiis
1304 1833 1436 1859 omnibus
1453 1834 1566 1859 interfui
1582 1838 1610 1859 et
1630 1833 1664 1859 de
1680 1833 1811 1859 mandato
1828 1834 1956 1868 magistri
1972 1834 2127 1860 Alexandri
2142 1841 2192 1860 ca-

1232 1881 1333 1915 pellani
1346 1885 1373 1907 et
1387 1882 1470 1915 legati
1485 1882 1651 1915 Apostolice
1667 1881 1744 1907 sedis
1759 1882 1863 1916 scripsi
1875 1886 1902 1908 et
1915 1882 2054 1916 complevi
2069 1890 2193 1917 meoque

1233 1929 1345 1963 signavi
1361 1933 1388 1955 et
1402 1930 1429 1956 in
1447 1930 1586 1964 publicam
1602 1930 1721 1956 formam
1734 1930 1840 1965 redegi.

1268 1977 1302 2004 Et
1317 1986 1370 2013 ego
1386 1978 1522 2004 Nicolaus
1538 1978 1710 2004 Ferentinus
1726 1984 1824 2005 sancte
1838 1978 1966 2005 Romane
1983 1978 2104 2004 ecclesie
2119 1978 2193 2005 scri-

1233 2026 1352 2059 niarius,
1367 2027 1443 2053 sicut
1456 2027 1552 2053 inveni
1567 2027 1595 2053 in
1611 2026 1738 2062 predicto
1752 2026 1866 2061 publico
1878 2030 1906 2053 et
1922 2027 2066 2053 autentico
2084 2027 2195 2053 instru-

1234 2080 1346 2109 mento,
1363 2076 1401 2102 ita
1417 2075 1535 2102 fideliter
1550 2075 1707 2110 exemplavi
1726 2075 1813 2102 nichil
1829 2075 2015 2107 immutando,
2033 2078 2061 2102 et
2076 2075 2193 2110 signum

1233 2125 1297 2151 feci.

1205 2305 1440 2340 [CCCXXXHH.
1460 2319 1495 2326 —
1513 2304 1725 2332 Commomssmi
1743 2313 1847 2333 merim
1862 2314 1941 2332 mrim
1955 2313 2066 2332 mmmm
2082 2305 2196 2333 Garm-

1236 2362 1342 2381 nansnu
1356 2363 1388 2380 nr
1401 2353 1581 2381 Tnnmmnnu
1596 2362 1629 2380 ar
1642 2362 1754 2380 :unicani
1766 2354 1899 2381 Anaonar:
1912 2362 1946 2380 ns
1959 2361 2074 2381 omanus
2090 2362 2195 2381 Lirinus

1236 2411 1263 2430 m
1278 2411 1404 2430 anonim
1418 2410 1512 2430 nomm
1527 2410 1594 2428 para
1604 2402 1625 2430 ².

1271 2512 1291 2544 †
1305 2510 1337 2537 In
1354 2510 1467 2536 nomine
1487 2510 1594 2536 domini
1611 2510 1701 2536 nostri
1722 2509 1792 2536 Jesn
1809 2509 1926 2538 Christi.
1950 2510 2012 2537 Hoc
2033 2515 2077 2538 est
2098 2519 2196 2538 exem-

1237 2560 1316 2594 plum
1331 2560 1376 2593 cuj
1384 2558 1481 2585 nsdam
1498 2558 1604 2593 publici
1620 2559 1802 2586 instrumenti
1817 2559 1904 2594 hujus
1919 2559 2026 2586 tenoris
2043 2570 2050 2586 ι

1239 2747 1265 2775 1.
1280 2747 1458 2782 Bonarcado,
1475 2747 1508 2774 12
1527 2747 1584 2774 mai
1600 2747 1678 2774 1237.
1696 2762 1730 2767 —
1750 2747 1790 2774 Le
1808 2747 1884 2782 legat
1902 2748 2065 2776 Alexandre
2082 2749 2200 2777 interdit

1203 2803 1239 2822 au
1251 2796 1322 2831 juge
1337 2795 1493 2822 d’Arborea
1508 2795 1542 2822 de
1555 2799 1716 2822 contracter
1729 2795 1847 2822 alliance
1862 2804 1898 2823 ou
1912 2800 2028 2832 parente
2043 2806 2111 2825 sans
2125 2798 2199 2826 l'au-

1203 2843 1353 2871 torisation
1374 2844 1413 2871 du
1438 2844 1638 2879 Saint-Siege,
1661 2848 1689 2871 et
1710 2845 1749 2871 lui
1769 2845 1896 2871 ordonne
1919 2846 1953 2872 de
1975 2855 2072 2873 verser
2087 2847 2200 2882 chaque

1203 2895 1294 2919 annee
1314 2901 1366 2919 son
1386 2901 1455 2919 cens
1470 2892 1503 2919 de
1519 2892 1586 2920 1100
1602 2892 1719 2919 besants
1734 2896 1813 2919 entre
1830 2893 1870 2919 les
1885 2895 1976 2921 mains
1991 2894 2026 2920 de
2040 2895 2198 2922 l'archeve-

1204 2949 1261 2976 que
1277 2941 1442 2972 d'Arborea,
1459 2941 1504 2967 s'il
1519 2942 1566 2975 n'y
1581 2949 1597 2967 a
1613 2949 1664 2976 pas
1679 2940 1713 2967 de
1729 2949 1819 2968 nonce
1835 2950 1885 2968 sur
1900 2943 1941 2969 les
1957 2943 2044 2970 lieux.

1241 2989 1267 3017 2.
1295 2989 1466 3024 Lucentina,
1493 2998 1548 3016 aux
1577 2989 1687 3016 confins
1710 2989 1761 3016 des
1781 2990 1960 3024 judicatures
1984 2992 2019 3018 de
2042 2992 2145 3020 Torres
2171 2997 2204 3021 et
