2392 3571
662 325 710 354 LE
735 324 878 354 LIBER
901 324 1135 354 CENSUUM
1160 324 1213 353 DE
1237 314 1423 354 L'EGLISE
1448 324 1655 354 ROMAINE.
2145 323 2200 355 531

152 392 258 428 quieti,
277 391 452 427 tranquilli,
471 391 602 428 pacifici,
616 395 641 419 et
655 392 690 419 ab
703 392 787 419 omni
803 391 854 419 lite
867 395 892 419 et
904 391 1057 427 questione
1070 399 1118 418 re-

152 444 237 472 moti.
256 443 441 481 Supraelicta
457 443 562 472 omnia
580 452 630 480 eqo
645 444 880 480 prenominatus
899 443 1050 471 Berarclus
1068 443 1119 471 Te-

151 496 287 525 baltlucii
312 500 381 524 rata
399 496 550 532 firmaque
568 496 674 524 habere
694 496 840 531 promitto
858 504 913 531 per
935 504 980 523 me
996 499 1021 523 et
1042 502 1120 522 meos

151 548 270 577 lierccles
281 549 362 577 vobis
377 549 544 578 Crescentio
555 552 580 576 et
593 548 739 584 magyistro
751 548 791 575 Pb
800 548 892 584 ilippo
907 547 1120 584 recipientibus

149 610 204 638 pro
216 602 336 630 eeclesia
348 602 483 630 Romana
495 605 521 629 et
531 601 655 629 domino
664 609 743 637 papa
757 601 879 636 ejusque
888 600 1116 633 successoribus,

152 658 177 681 et
193 658 299 682 contra
317 662 373 682 non
393 654 506 682 venire.
524 653 606 687 Quod
621 653 648 680 si
665 657 769 681 contra
782 653 944 688 fecerimus
959 652 1004 680 vel
1017 652 1043 680 si
1055 660 1121 688 pre-

151 705 231 734 dicta
247 706 383 742 capitula
397 714 465 734 omn
473 707 501 734 ia
515 706 599 742 plene
617 714 676 733 non
689 706 956 739 observacerintus,
975 705 1121 742 promitto

152 758 223 787 dare
241 763 266 786 et
286 759 399 787 solvere
422 759 503 787 vobis
525 759 658 795 legitime
677 758 898 795 stipulantibus
920 766 975 794 pro
997 758 1121 786 domino

149 820 229 849 papa
250 816 275 840 et
297 811 418 839 ecclesia
442 811 591 845 Romana,
621 815 691 838 ante
715 819 801 838 omne
826 811 892 838 litis
913 811 1118 846 principium,

152 864 282 901 duplum
306 863 381 892 tlictc
401 864 525 900 pecunie
546 865 669 892 nomine
689 872 775 900 pene,
799 872 934 900 penuque
954 864 1052 891 soluta
1072 863 1121 891 hec

153 921 238 946 carta
263 916 355 953 firma
380 921 568 953 permaneat.
595 916 689 950 Quam
716 916 843 944 scribere
867 917 973 952 roqavi
998 916 1118 944 Petrum

153 969 300 998 Rainaldi
321 969 538 1002 scriniarium,
566 970 597 997 in,
622 977 721 997 mense
746 973 771 997 et
792 969 840 997 elie
858 968 1006 1005 predicta.
1030 969 1122 996 Testes

154 1023 200 1050 hii
215 1026 287 1051 sunt
304 1022 405 1058 roqati
424 1033 432 1050 :

192 1075 317 1103 Jacobus
332 1074 478 1103 Rainaltli
494 1074 527 1102 cle
543 1075 674 1107 Narnia,
693 1075 794 1109 testis,-

195 1127 413 1164 Bone'insiynia
424 1127 522 1164 judea·
537 1127 571 1155 tie
585 1127 731 1161 Maliano,
750 1128 847 1162 testis,·

194 1181 358 1209 Rainerius
374 1181 522 1210 Gutdonis
537 1180 570 1209 de
586 1180 813 1217 Septimiliano,
829 1181 928 1215 testis,-

195 1234 382 1263 Octacianus
397 1234 430 1262 dc
449 1234 596 1268 Utriculo,
615 1233 713 1268 testis,-

192 1287 345 1315 Johannes
361 1286 510 1315 Gnidonis
525 1287 558 1314 de
580 1287 723 1322 tta-teuto,
745 1288 844 1321 testis,-

193 1339 350 1368 Donadeus
365 1340 555 1368 scriniarius
571 1339 604 1368 dc
622 1340 767 1374 Utriculo,
788 1341 887 1374 testis,-

194 1392 346 1421 Joltannes
361 1392 394 1420 de
414 1393 531 1426 Tibure,
551 1393 643 1421 testis.

192 1446 252 1482 qu
274 1446 381 1474 Petrus
402 1446 436 1474 cte
460 1445 569 1475 Sancto
590 1446 660 1474 Polo
683 1446 733 1474 Dei
753 1447 856 1482 qratia
876 1452 978 1475 sancte
994 1447 1124 1475 Romane

154 1499 272 1528 ecclesie
285 1499 482 1534 scriniarius,
497 1503 622 1535 roqatus
633 1499 712 1528 hanc
722 1499 875 1528 cartulam
890 1501 1016 1536 propria
1027 1509 1124 1529 manu

154 1551 274 1588 scripsi.

114 1694 189 1734 [14]
209 1696 245 1724 De
261 1696 361 1724 eodeni
373 1696 393 1724 ¹.

194 1788 232 1816 In
258 1789 380 1817 nomine
406 1789 539 1817 Domini.
565 1790 653 1817 Anno
673 1789 737 1825 ejus
760 1789 936 1818 nativitatis
962 1790 1124 1819 millesimo

158 1840 349 1875 CCXXXIJJJ,
381 1841 546 1869 indictione
574 1841 641 1875 VII,
668 1846 694 1869 et
721 1850 803 1870 anno
834 1842 903 1870 VIII
926 1843 1124 1878 pontificatus

156 1893 276 1922 domini
294 1893 432 1930 Greqorii
454 1894 537 1922 VIIII
555 1902 639 1930 pape,
663 1903 762 1922 mense
781 1899 909 1931 augusto
926 1894 973 1922 (iic
992 1895 1047 1923 XV.
1066 1895 1125 1923 Nos

156 1946 277 1983 quidem
305 1946 456 1974 Beraraus
489 1947 596 1974 Massei
629 1951 654 1974 et
676 1947 847 1975 Rainalzlus
875 1947 1019 1976 Carbonis
1046 1948 1124 1976 cives

154 1999 348 2034 Narnienses,
367 1999 422 2027 hac
438 1999 485 2027 [lie
500 1999 642 2036 presenti,
659 1999 787 2036 propria
805 2004 906 2028 nostra
921 2000 997 2028 bona
1013 2001 1124 2028 volun·

158 2056 215 2080 tate
231 2052 458 2086 renuntiamus,
475 2052 610 2080 cedimus
623 2057 648 2080 et
663 2052 848 2080 mandamus
862 2053 943 2081 'robis
958 2053 1126 2082 Crescentio

156 2104 276 2133 domini
295 2113 371 2141 pape
392 2105 548 2140 capellano
569 2109 595 2132 et
618 2106 765 2141 maqistro
785 2105 924 2142 Philippo
948 2105 981 2133 ae
998 2106 1125 2135 secr-ano

157 2157 269 2185 nuntio
290 2156 508 2194 dominipape,
529 2157 746 2193 recipientibus
765 2159 979 2194 procuratorio
1003 2159 1125 2187 nomine

155 2217 210 2246 pro
225 2209 348 2238 domino
366 2210 507 2247 Grcqorio
522 2218 641 2238 summo
654 2210 797 2246 pontifice
810 2210 932 2247 ejusque
947 2212 1126 2239 suecessori-

157 2263 209 2291 bus
229 2263 264 2291 ‘in
282 2267 465 2300 perpetuum
482 2263 579 2299 aclque
596 2271 652 2299 pro
670 2263 793 2291 ecclesia
816 2263 962 2298 Romana,
990 2263 1126 2292 videlieet

157 2324 244 2344 omne
255 2316 309 2352 jus
329 2320 354 2343 et
376 2315 525 2343 actionem
540 2315 719 2352 petitionem
735 2320 938 2352 conpetentem
958 2317 1040 2344 nobis
1055 2325 1126 2345 eon-

159 2373 207 2397 tra
236 2369 391 2397 ecclesiam
420 2369 585 2397 Romanam
618 2373 642 2396 et
672 2368 833 2397 dominum
862 2378 974 2406 papam
1007 2370 1126 2398 ratione

159 2429 195 2451 CC
213 2421 365 2450 librarum
382 2422 570 2450 laccensium
586 2429 662 2457 quas
681 2422 895 2449 mutuavimus
910 2422 1126 2450 communitati

158 2474 192 2503 dc
214 2478 311 2503 castro
336 2474 479 2508 Utriculi,
505 2474 572 2502 licet
593 2474 789 2502 contineatur
810 2474 842 2502 in
871 2474 1075 2503 instrumento
1091 2475 1127 2503 ab

159 2527 336 2556 hominibus
357 2531 382 2555 et
403 2527 528 2555 scintico
549 2526 582 2554 de
606 2526 742 2555 Utriculo
759 2535 814 2563 per
832 2535 962 2555 manum
981 2527 1128 2556 Primerii

158 2580 244 2609 nobis
266 2581 347 2616 facto
369 2579 403 2608 de
425 2579 598 2609 venditione
616 2579 777 2615 cujusdam
802 2579 962 2608 tenimenti
979 2579 1013 2608 tle
1032 2584 1122 2615 terra,

158 2633 238 2670 quod
256 2633 502 2661 instrumentum
521 2632 659 2660 redimus
675 2633 756 2661 vobis
771 2632 983 2668 cancellatum,
1004 2637 1030 2661 et
1045 2633 1126 2661 dicta

159 2685 224 2721 ejus
239 2685 333 2714 deleri
344 2685 535 2722 precipimus
559 2689 592 2713 ut
615 2685 721 2713 amodo
743 2685 808 2713 vim
831 2685 874 2713 cel
892 2685 984 2713 robur
1002 2685 1126 2713 nullum

159 2738 317 2775 optineant
341 2742 367 2766 et
398 2737 482 2766 nobis
510 2745 569 2765 non
596 2737 762 2774 proficiant
788 2742 815 2765 et
848 2737 971 2766 domino
998 2745 1074 2774 pape
1101 2742 1127 2766 et

157 2881 181 2907 1.
199 2880 287 2907 Narni
300 2902 306 2910 .
329 2881 358 2907 15
374 2881 441 2906 aoilt
459 2879 536 2907 1234.
559 2893 594 2900 -—
616 2879 770 2912 Quittance
786 2880 820 2906 de
837 2879 961 2906 Berardo
979 2880 1084 2907 Massei
1099 2885 1128 2906 et

122 2929 266 2956 Rainardo
292 2928 432 2955 Carbone.
461 2928 586 2954 Creance
600 2949 606 2960 ‚
635 2928 686 2954 ‘200
715 2927 817 2959 tiv1·es;
846 2936 957 2954 somme
986 2929 1125 2961 touchee,

122 2978 172 3005 167
188 2977 285 3004 {ivn-es.

1239 391 1355 418 ecclesie
1371 391 1500 418 Romane
1518 399 1575 419 non
1595 396 1729 419 noceant.
1749 391 1888 420 Cedimus
1903 400 2019 428 quoque
2035 396 2060 420 et
2077 391 2203 419 manda-

1241 450 1309 469 mus
1334 442 1413 469 cobis
1437 451 1490 478 pro
1515 443 1636 471 'lumino
1660 452 1738 480 papa
1758 449 1783 472 et
1801 444 1921 472 ecclesia
1949 444 2081 472 lfomana
2103 452 2204 472 omnes

1241 494 1372 522 actiones
1394 496 1488 522 rentes
1508 499 1532 523 ct
1555 497 1738 531 personales.
1761 497 1868 524 tacitas
1885 501 1910 524 et
1932 504 2094 534 expressas,
2118 497 2204 525 utiles

1241 551 1267 575 et
1290 547 1432 581 directas,
1454 548 1538 575 nobis
1560 554 1752 584 competentes
1773 554 1876 577 contra
1894 550 2030 577 homines
2052 550 2085 577 (le
2107 554 2204 578 castro

1245 599 1385 629 Utriculiv
1419 604 1477 627 tam
1508 600 1540 627 ‹Ic
1566 601 1661 628 debito
1689 602 1718 629 in
1748 610 1804 637 quo
1831 602 1889 638 ipsi
1917 602 1999 629 nobis
2027 602 2204 630 tenebantur

1242 659 1332 687 quam
1355 651 1388 678 (ic
1410 652 1581 679 venditione
1604 653 1698 688 ipsius
1717 653 1875 681 tenimenti
1893 658 1969 681 terre
1990 654 2025 681 ab
2043 654 2084 681 eis
2101 662 2201 681 coram

1245 708 1407 731 memorato
1427 704 1592 731 scriniario
1611 705 1692 731 nobis
1711 706 1804 739 facta.
1823 705 1905 733 llanc
1925 710 2024 733 mitem
2044 706 2204 740 refutatio-

1244 765 1307 783 nem
1339 760 1364 783 et
1393 757 1552 784 cesus-ionem
1586 758 1664 785 vobis
1692 767 1745 793 pro
1775 758 1897 785 domino
1925 767 2001 794 papa
2029 762 2054 785 et
2083 758 2203 786 ecclesia

1242 810 1375 837 Romana
1389 809 1530 843 lar-imus,
1547 810 1619 845 quia
1635 810 1726 845 liquet
1742 811 1823 837 nobis
1839 815 1970 837 castrum
1989 811 2119 838 l'tricuti
2134 819 2201 838 eum

1242 870 1295 890 suo
1312 862 1475 889 tenimento
1498 866 1521 888 et
1539 862 1678 889 omnibus
1699 863 1894 897 pertinentiis
1910 863 1973 890 suis
1988 863 2026 890 ad
2045 862 2202 890 domiuum

1241 923 1351 951 papam
1380 919 1405 941 et
1429 914 1583 941 ecclesiam
1613 914 1776 941 ltmnnnam
1807 915 1892 951 pleno
1911 916 1984 950 J'ure
2010 920 2151 951 spectare,
2180 920 2205 943 et

1243 968 1412 1003 recepimus
1434 975 1451 994 a¹
1477 967 1555 994 robis
1581 967 1700 994 nomine
1725 967 1842 995 domini
1866 976 1941 1003 pape
1963 972 1988 994 et
2011 968 2128 995 ecclesie
2152 968 2207 995 lio-

1246 1029 1346 1054 mane,
1377 1028 1431 1055 pro
1455 1019 1538 1047 omni
1564 1019 1744 1055 obliqationc
1771 1025 1794 1047 et
1816 1020 1888 1055 jure
1912 1025 2013 1047 nostro
2040 1028 2075 1048 CC
2103 1020 2208 1047 minus

1243 1081 1340 1100 xxxul
1357 1072 1451 1099 libras
1466 1072 1610 1099 bonorum
1629 1072 1825 1105 lut-censium,
1845 1072 1916 1107 quia
1930 1072 1992 1099 alia
2008 1073 2137 1108 pecunia
2151 1080 2207 1108 que

1245 1125 1456 1154 continebatur
1477 1125 1508 1152 in
1536 1125 1738 1152 instrumento
1757 1129 1819 1151 erat
1843 1132 1948 1151 usura.
1970 1125 2006 1151 lte
2028 1125 2137 1160 quibus
2157 1132 2208 1152 nos

1246 1178 1315 1206 bene
1331 1178 1446 1214 quietos
1468 1185 1620 1205 vocamus.
1641 1181 1665 1204 et
1684 1177 1881 1213 eoeceptianenz
1909 1186 1965 1204 non
1987 1181 2144 1204 numerate
2157 1186 2209 1213 pe-

1245 1232 1335 1260 cunie
1362 1230 1468 1258 amodo
1497 1238 1642 1265 opponere
1668 1229 1885 1257 renuntiamus
1910 1234 1935 1256 et
1964 1238 2080 1257 omnem
2111 1230 2208 1257 aliam

1246 1284 1445 1321 eaeceptionem
1477 1283 1535 1319 ipsi
1559 1282 1682 1310 domino
1705 1291 1780 1318 pape
1806 1286 1830 1309 et
1858 1282 1973 1309 ecclesie
2001 1283 2130 1310 Romane
2154 1290 2210 1309 no-

1246 1338 1393 1366 cituram.
1410 1336 1464 1364 Jus
1485 1344 1550 1363 cero
1572 1335 1651 1371 quod
1675 1339 1780 1362 contra
1805 1334 1962 1361 dominum
1984 1343 2094 1370 papam
2115 1339 2139 1361 et
2162 1342 2208 1362 ec—

1245 1391 1366 1419 clesiam
1389 1389 1553 1416 Romanam
1580 1388 1723 1415 habemus
1746 1396 1800 1423 pro
1823 1386 1902 1414 clieta
1923 1387 2055 1422 pecunia
2078 1391 2103 1414 ct
2128 1386 2210 1414 nobis

1245 1443 1387 1479 conpetit,
1414 1442 1495 1469 nulli
1520 1441 1659 1469 dedimus
1680 1449 1804 1477 persone
1829 1448 1881 1468 nec
1906 1440 2125 1467 mamtarimus
2149 1440 2211 1468 sice

1246 1496 1425 1525 collusimus
1436 1506 1445 1529 ;
1479 1494 1528 1522 sed
1556 1495 1583 1521 si
1612 1494 1768 1530 abparerct
1802 1493 1880 1529 quod
1915 1493 1971 1520 ulli
2001 1501 2125 1529 persone
2160 1492 2210 1520 de-

1245 1548 1392 1576 dissemus
1422 1547 1468 1574 vel
1493 1545 1746 1573 alienavissemus
1773 1545 1834 1572 sice
1863 1545 2097 1572 cottus-issemus.
2124 1552 2210 1572 omne

1245 1601 1412 1637 dampnum
1438 1598 1516 1635 quoti
1540 1598 1682 1626 dominus
1701 1606 1780 1634 papa
1804 1602 1828 1624 et
1846 1597 1965 1625 ecelesia
1989 1597 2121 1625 lfomana
2143 1597 2210 1625 inde

1246 1653 1408 1682 habuerint
1432 1656 1456 1679 et
1483 1651 1648 1687 impensam
1672 1659 1763 1686 quam
1791 1650 1917 1684 fecerint
1943 1650 1972 1677 in
1998 1650 2110 1677 nostris
2127 1650 2210 1678 bonis

1244 1707 1301 1735 sibi
1321 1706 1389 1733 bene
1410 1704 1600 1740 placentibus
1622 1704 1793 1739 ubicunque
1823 1703 1939 1730 intrare
1973 1703 2123 1731 coluerint
2156 1711 2210 1731 no-

1246 1760 1328 1787 mine
1350 1759 1420 1786 bone
1439 1757 1566 1794 pleiarie
1592 1761 1764 1784 restaurare
1782 1755 2005 1792 promittimus.
2030 1755 2086 1783 Pro
2101 1755 2211 1791 quibus

1245 1809 1584 1847 omnibussupradictis·
1599 1808 1792 1836 observandis
1805 1808 1974 1844 obliqanzus
1992 1817 2042 1835 nos
2064 1812 2090 1835 et
2108 1812 2211 1835 nostra

1246 1865 1333 1893 bona.
1358 1868 1382 1891 ct
1405 1862 1512 1891 amodo
1532 1862 1653 1889 nomine
1673 1861 1792 1888 domini
1810 1869 1886 1897 pape
1905 1865 1930 1888 ct
1950 1860 2066 1888 ecclesie
2081 1860 2211 1888 Romane

1246 1917 1382 1955 precario
1406 1920 1502 1943 tenere
1525 1914 1676 1950 confiteor,
1701 1913 1792 1941 ‹Ionec
1815 1913 1848 1940 dc
1871 1913 1932 1940 hiis
1953 1913 2095 1940 omnibus
2116 1921 2134 1940 a
2158 1920 2212 1940 no-

1247 1972 1290 1999 bis
1304 1970 1398 2004 fucrit
1416 1968 1473 1996 sibi
1494 1966 1642 2002 condique
1662 1966 1852 2001 satisfactum
1865 1976 1874 1999 ;
1898 1970 1923 1993 et
1946 1965 1981 1993 ab
2002 1965 2057 1993 liat·
2080 1965 2154 1992 bora
2177 1965 2211 1992 in

1247 2027 1337 2051 antea
1353 2021 1474 2049 ccclesia
1496 2020 1628 2047 lfomana
1653 2022 1677 2045 et
1701 2018 1844 2046 (lominus
1863 2026 1943 2054 papa
1961 2018 2082 2053 ejusque
2099 2025 2213 2045 succes-

1246 2084 1325 2104 sores
1340 2074 1401 2102 sint
1423 2073 1533 2107 securi,
1553 2071 1659 2108 quieti,
1680 2070 1856 2107 tranquilli.
1871 2070 2005 2106 pacifici,
2026 2074 2051 2098 et
2073 2070 2108 2097 ab
2128 2070 2212 2098 omni

1248 2129 1300 2157 lite
1329 2131 1353 2155 et
1382 2126 1534 2163 questione
1563 2124 1680 2152 remoti.
1709 2123 1894 2159 Supraclicta
1923 2123 2028 2150 onznia
2058 2131 2110 2150 nos
2138 2122 2213 2151 dicti

1249 2179 1400 2209 Berartlus
1424 2178 1530 2206 Massei
1554 2181 1578 2204 et
1603 2175 1774 2204 Rainalilus
1799 2175 1943 2203 Carbonis
1970 2179 2037 2202 rata
2064 2175 2215 2211 firmaque

1249 2233 1355 2261 habere
1382 2230 1595 2268 promittimus
1622 2237 1675 2265 per
1705 2236 1756 2255 nos
1784 2232 1810 2255 et
1842 2232 1957 2255 nostros
1987 2227 2105 2255 heredes
2137 2228 2215 2255 vobis

1250 2285 1414 2315 Crescentio
1432 2288 1456 2311 et
1478 2282 1624 2318 magistro
1642 2281 1781 2317 Philippo
1795 2280 2008 2317 recipientibus
2023 2289 2076 2317 pro
2092 2279 2156 2307 dom
2165 2280 2214 2308 ino

1245 2348 1325 2377 papa
1342 2338 1464 2374 ejusque
1479 2334 1696 2363 suecessoribus
1716 2338 1741 2361 et
1761 2333 1880 2361 eeclesia
1898 2333 2047 2365 Romana,
2067 2337 2092 2360 et
2108 2337 2213 2360 contra

1249 2400 1310 2421 ¹non
1335 2390 1451 2419 venire.
1478 2387 1560 2421 (tuocl
1591 2387 1617 2414 si
1645 2390 1749 2414 contra
1775 2385 1936 2420 fecerimus
1960 2385 2006 2413 vel
2029 2385 2055 2412 si
2076 2384 2213 2421 predicta

1249 2443 1383 2481 capitula
1406 2441 1510 2470 omnia
1533 2441 1617 2476 plene
1637 2439 1695 2466 non
1715 2437 1985 2470 observaverimus,
2003 2436 2215 2473 promittimus

1247 2497 1319 2525 ‹Iare
1337 2500 1363 2524 et
1380 2494 1492 2522 solvere
1515 2492 1594 2521 cobis
1617 2491 1749 2527 quitime
1773 2490 1994 2526 stipulantibus
2011 2498 2065 2526 pro
2090 2489 2214 2517 domino

1245 2558 1326 2587 papa
1352 2552 1377 2576 et
1399 2547 1520 2575 ecclesia
1545 2545 1693 2578 Romana,
1715 2547 1784 2571 ante
1811 2551 1897 2571 omne
1922 2542 1986 2570 litis
2005 2541 2208 2579 principium,

1248 2602 1375 2639 duplum
1399 2599 1474 2628 dicte
1494 2597 1621 2635 pecunie
1645 2596 1766 2624 nominc
1783 2604 1868 2631 pene,
1888 2602 2027 2631 penaque
2046 2594 2144 2622 soluta
2163 2594 2215 2622 hec

1248 2659 1333 2683 carta
1345 2653 1436 2690 firma
1450 2653 1637 2688 permaneat.
1654 2650 1748 2683 Quam
1762 2648 1889 2675 scribere
1901 2655 1971 2683 roqa
1978 2647 2079 2675 cimus
2089 2646 2212 2674 Petrum

1249 2705 1393 2735 Rainalcli
1409 2703 1624 2735 scriniarium,
1643 2702 1672 2729 in
1690 2709 1787 2729 mense
1799 2704 1826 2728 et
1839 2699 1886 2728 die
1899 2699 2045 2736 predicta.
2062 2699 2156 2727 Testes
2167 2699 2215 2727 hii

1248 2764 1320 2789 sunt
1338 2757 1444 2795 roqati.

1287 2811 1411 2841 Jacobus
1430 2807 1576 2837 Bainaldi
1589 2807 1622 2835 (Ie
1636 2807 1767 2839 Narnia,
1787 2806 1885 2840 testis:

1290 2863 1452 2892 Rainerius
1469 2860 1616 2889 Guidonz's
1631 2859 1665 2887 de
1681 2858 1793 2895 Septim
1801 2858 1907 2892 iliano,
1928 2858 2028 2886 testis:

1291 2915 1507 2951 Boneinsiqnia
1519 2913 1616 2950 juder
1632 2912 1665 2940 tie
1682 2912 1826 2946 Maliane,
1847 2911 1949 2945 testis,-

1292 2969 1478 2999 Octarianus
1493 2967 1527 2995 (le
1543 2965 1688 2998 L'triculoe
1707 2965 1807 2999 testis,-
