2392 3571
630 335 680 364 LE
705 336 849 366 LIBER
871 336 1105 368 CENSUUM
1131 338 1183 367 DE
1209 329 1392 369 L‘EGLISE
1415 340 1624 371 ROMAINE.
2113 345 2167 376 501

120 401 284 430 ‘millesimo
313 399 539 439 CC⁰[X]XXIII⁰,
569 402 767 438 pontificatus
799 403 918 432 domini
954 404 985 433 G.
1013 413 1087 442 pape

120 455 196 483 noni
209 462 292 483 anno
302 454 438 491 septimo,
454 463 554 483 mense
567 455 663 492 aprili
677 455 723 483 die
737 456 792 491 XV,
811 457 978 486 indictione
991 463 1083 487 sea-ta.

118 509 176 538 Nos
193 507 383 536 Blancardus
399 512 424 536 et
446 507 542 536 Guido
558 508 591 536 dc
612 508 740 537 Paliano
757 510 869 545 fratres
885 510 940 538 hac
953 512 1087 547 presenti

120 561 168 590 die
180 569 236 597 pro
251 561 335 589 nobis
351 565 377 588 et
393 560 492 589 Maria
504 569 604 589 sorore
620 566 723 590 nostra
737 563 864 599 propria
881 568 906 591 et
921 568 1087 600 spontanea

119 614 276 642 voluntate
296 613 459 641 vendimus
477 618 502 641 et
524 614 766 643 irrevocabiliter
787 615 939 644 tradimus
960 616 1013 644 tibi
1034 616 1087 644 do-

119 667 205 696 mino
222 667 378 695 Benedicto
393 667 513 695 domini
526 676 601 704 pape
619 668 789 696 canierario
806 670 1019 705 procuratorio
1036 678 1086 698 no-

119 719 203 748 mine
220 727 275 757 pro
294 719 416 748 domino
432 728 514 757 papa
531 720 654 757 suisque
671 722 888 749 successoribus
905 722 944 750 ad
966 730 1040 759 opus
1060 727 1086 750 et

117 772 285 801 utilitatem
302 772 432 800 Romane
449 773 566 801 ecclesie
582 773 616 801 in
630 778 819 810 perpetuum,
841 774 979 803 videlicet
994 779 1085 803 totam

118 829 145 854 et
166 825 319 862 integram
341 829 461 861 partem
486 829 621 853 nostram
642 834 725 854 rocce
746 831 772 854 et
792 827 886 855 castri
911 827 1036 855 Paliani
1060 831 1086 855 et

117 886 201 907 rocce
216 887 250 906 ac
268 878 362 907 castri
380 878 530 913 Serranis,
553 887 621 907 cum
642 879 778 907 domibus
794 884 819 908 et
836 880 984 908 casalinis
999 880 1085 915 infra

118 931 235 961 easdem¹
248 939 349 960 roceas
363 932 446 960 nobis
455 933 677 969 pcrtinentibus
690 937 716 961 et
733 941 800 961 cum
814 933 977 969 omnijure
986 933 1087 969 juris-

118 985 249 1014 dictione
264 989 289 1014 et
305 985 432 1019 actione,
450 985 588 1014 dominio
601 986 760 1020 ethonore,
777 990 802 1014 et
817 990 876 1014 tam
898 987 930 1014 in
946 986 1087 1014 vassallis

117 1046 212 1075 quam
227 1039 263 1066 in
281 1039 385 1073 terris,
404 1038 520 1073 vineis,
541 1039 654 1075 pratis,
674 1039 842 1072 montibus,
860 1039 1000 1073 collibus,
1016 1039 1086 1076 pla-

117 1091 223 1126 niciis,
241 1091 340 1126 silvis,
359 1091 491 1128 pascuis,
511 1091 602 1128 aquis
619 1095 645 1119 et
664 1091 903 1120 comunitatibus
921 1092 1086 1126 universis,

117 1144 196 1173 sicut
215 1144 300 1172 nobis
321 1148 348 1173 et
364 1144 523 1173 heredibus
538 1144 652 1172 nostris
668 1148 839 1181 competunt
854 1153 912 1181 pro
928 1144 1027 1173 diviso
1042 1145 1088 1174 vel

117 1197 254 1226 indiviso
273 1197 309 1225 in
326 1197 472 1234 predictis
488 1197 597 1226 castris
620 1197 703 1225 intus
723 1201 749 1225 et
770 1201 854 1225 eaetra
876 1201 902 1225 et
919 1206 972 1234 per
990 1201 1086 1226 totum

117 1258 222 1279 eorum
240 1251 433 1279 territorium
443 1254 470 1278 et
485 1250 673 1286 districtum,
688 1254 714 1278 et
729 1249 877 1286 quicquid
892 1258 945 1278 nos
961 1250 1007 1278 vel
1021 1250 1085 1279 alia

115 1311 245 1340 persona
254 1311 311 1340 pro
325 1303 409 1331 nobis
424 1302 457 1331 de
470 1302 616 1340 predictis
631 1303 771 1331 omnibus
781 1302 969 1339 possidemus
984 1311 1002 1331 a
1016 1311 1086 1340 pre-

117 1355 196 1385 senti
211 1355 428 1384 constituimus
444 1364 496 1383 nos
512 1355 635 1384 nomine
646 1355 777 1383 Romane
793 1355 910 1383 ecclesie
923 1355 1084 1392 possidere,

117 1412 143 1437 et
161 1408 272 1436 damus
287 1412 313 1436 et
329 1408 519 1436 concedimus
537 1408 595 1445 ipsi
616 1407 738 1436 domino
754 1416 829 1445 pape
846 1408 972 1436 liberam
987 1413 1085 1445 potes-

119 1464 210 1489 tatem
225 1460 370 1488 intrandi
385 1465 411 1489 et
426 1460 596 1497 accipiendi
616 1468 670 1497 per
684 1468 712 1488 se
730 1460 774 1488 vel
789 1468 842 1496 per
855 1464 1083 1496 procuratorem

117 1521 210 1542 suum
223 1513 405 1541 auctoritate
418 1513 546 1549 propria
558 1513 768 1549 possessionem
784 1513 924 1540 omnium
936 1512 1082 1550 predicto-

116 1574 189 1594 rum
203 1570 229 1594 et
241 1565 369 1594 habendi
385 1565 506 1593 tenendi
521 1565 729 1602 etpossidendi
740 1564 779 1593 ad
792 1573 864 1601 opus
876 1570 901 1593 et
918 1565 1085 1594 utilitatem

116 1619 247 1648 Romane
269 1618 386 1647 ecclesie
411 1618 442 1646 in
461 1622 637 1655 perpetuum
662 1618 768 1646 omnia
785 1617 978 1654 supradicta,
1000 1618 1084 1646 salvo

113 1680 169 1710 per
184 1671 289 1700 omnia
308 1671 394 1699 nobis
413 1675 438 1699 et
457 1670 614 1698 heredibus
632 1671 744 1698 nostris
756 1675 899 1707 perpetuo
915 1670 993 1707 quod
1008 1671 1084 1699 uni-

116 1733 218 1754 versas
236 1724 436 1761 possessiones
459 1729 484 1751 et
507 1724 581 1752 bona
606 1724 773 1751 immobilia
795 1728 879 1751 extra
897 1724 1084 1752 munitiones

114 1777 320 1814 predictorum
349 1781 516 1804 castrorum
541 1777 638 1812 posita
664 1781 689 1804 et
718 1776 853 1804 redditus
880 1777 1081 1805 vassallorum

117 1834 292 1859 nostrorum
307 1838 381 1866 quos
396 1833 421 1857 ct
435 1837 490 1865 que
506 1829 598 1865 hujus
616 1828 814 1857 alienationis
831 1832 958 1865 tempore
974 1829 1006 1857 in
1020 1837 1085 1857 eas-

119 1883 175 1911 tris
189 1882 355 1911 habuimus
370 1882 548 1910 memoratis
560 1882 594 1909 ab
607 1882 668 1918 ipso
680 1881 801 1909 domino
816 1890 895 1918 papa
911 1886 937 1909 et
950 1882 1085 1910 Romana

114 1936 237 1965 ecclesia
254 1936 286 1964 in
301 1935 426 1971 feudum
442 1935 475 1962 de
492 1939 584 1963 cetero
603 1939 767 1967 teneamus,
786 1939 810 1962 et
824 1935 931 1962 caindo
950 1935 1085 1971 ipsorum

116 1989 243 2018 vassalli
257 1989 354 2017 simus
366 1992 509 2025 perpetuo
525 1992 551 2016 et
565 1988 674 2024 fideles,
689 1992 713 2015 et
726 1989 766 2015 eis
776 1992 896 2024 propter
908 1988 960 2015 hoe
975 1988 1085 2024 specia-

117 2043 188 2072 liter
200 2047 368 2080 prestemus
384 2042 562 2079 homagium
577 2041 746 2078 personale.
765 2041 822 2069 Pro
837 2050 895 2077 qua
915 2041 1086 2069 venditione

117 2100 144 2124 et
171 2095 335 2124 traditione
356 2095 537 2131 confitemur
566 2103 616 2122 nos
640 2095 761 2122 nomine
787 2099 888 2122 nostro
913 2099 938 2121 et
956 2094 1087 2130 predicte

115 2149 228 2178 sororis
243 2153 344 2177 ‘nostre
362 2149 504 2184 recepisse
526 2152 551 2175 et
574 2148 712 2175 imbuisse
731 2156 747 2175 a
771 2152 794 2175 te
811 2146 944 2183 predicto
963 2147 1029 2175 dom
1038 2148 1086 2176 ino

117 2203 288 2231 camerario
304 2202 426 2230 nomine
442 2201 540 2238 ipsius
555 2201 674 2228 domini
689 2209 763 2237 pape
783 2204 807 2227 et
826 2200 943 2228 ecclesie
958 2200 1087 2228 Romane

115 2255 248 2284 solvente
262 2255 391 2291 triyinta
404 2263 454 2283 sea*
466 2254 559 2282 libras
575 2254 719 2281 bonorum
737 2253 982 2290 proveniensium
998 2261 1086 2281 sena-

118 2314 176 2344 tus,
194 2309 228 2338 de
246 2309 356 2346 quibus
370 2317 424 2336 nos
440 2308 508 2336 bene
525 2307 639 2344 quietos
657 2314 814 2339 vocamus,
837 2306 1002 2342 ercepttonz·
1027 2314 1085 2334 non

117 2366 277 2391 numerate
294 2361 423 2398 pecunie
442 2359 670 2394 renuntiando,⁸
689 2363 714 2387 et
733 2359 759 2386 si
773 2358 907 2395 predicta
925 2359 999 2386 bona
1016 2359 1087 2395 plus

116 2415 231 2450 vatent,
259 2419 352 2443 totum
377 2423 394 2442 a
414 2413 547 2451 presenti
566 2412 659 2441 eidem
677 2412 800 2440 domino
815 2419 890 2448 pape
909 2416 935 2439 et
958 2412 1087 2440 Romane

116 2468 235 2497 ecclesie
250 2467 400 2496 donamus
416 2471 441 2495 et
457 2466 648 2495 concedimus
667 2465 756 2493 libere
772 2465 803 2493 in
818 2468 1008 2501 perpetuum
1030 2464 1087 2492 Pro

117 2522 227 2559 quibus
242 2521 384 2550 omnibus
398 2525 458 2549 tam
478 2519 600 2548 nornine
613 2523 713 2547 nostro
727 2527 818 2555 quam
830 2517 963 2555 predicte
976 2518 1089 2546 sororis

117 2579 218 2603 nostre
230 2574 364 2611 firmiter
375 2578 400 2602 et
416 2573 548 2610 fideliter
561 2571 757 2600 observandis
773 2571 877 2598 omnia
891 2570 967 2598 bona
983 2575 1086 2598 nostra

117 2627 241 2656 mobilia
272 2633 298 2655 et
327 2625 502 2654 <immobilia
529 2624 623 2653 eidem
651 2624 774 2652 domino
798 2632 873 2660 pape
903 2627 928 2651 et
958 2623 1087 2651 Romane

115 2681 233 2710 ecclesie
246 2681 416 2717 obliyamus
431 2683 457 2707 et
474 2677 575 2706 eadem
591 2681 714 2715 propter
729 2677 783 2704 hoc
798 2676 969 2713 specialiter
984 2684 1036 2704 nos
1051 2676 1086 2704 ab

117 2734 158 2762 eis
182 2737 208 2762 et
234 2734 369 2770 ipsorum
393 2731 516 2760 nomine
536 2730 752 2759 constituimus
774 2728 934 2765 possidere.
962 2729 1085 2757 Renun-

119 2785 223 2815 tiando
246 2786 278 2814 in
298 2785 359 2813 hiis
379 2785 520 2813 omnibus
543 2783 628 2812 omni
645 2783 732 2819 juris
753 2781 873 2810 aua-ilio
895 2782 1036 2810 canonici
1059 2786 1085 2809 et

76 2948 218 2983 Gregoire
234 2948 293 2979 IX,
313 2956 384 2982 pour
401 2947 433 2974 36
450 2947 552 2977 livens,
571 2950 636 2971 tous
654 2946 730 2971 leurs
752 2944 842 2970 droits
859 2952 909 2969 sun·
926 2943 1040 2970 Paliano
1056 2947 1083 2969 et

77 2996 213 3024 Set-rone.

1209 406 1321 439 civilis,
1339 408 1555 436 consuetudini
1567 414 1592 436 et
1603 414 1723 444 statuto,
1740 415 1766 438 et
1781 412 1866 439 omni
1877 412 1992 440 actioni
2004 414 2171 450 exceptioni

1208 463 1234 487 et
1247 460 1360 496 reique
1372 466 1490 496 possent
1508 462 1583 490 obici
1598 467 1702 490 contra
1720 463 1960 492 instrumentum
1976 466 2022 493 vel
2040 466 2168 500 sactum.

1206 511 1293 540 Hanc
1319 517 1420 541 autem
1450 514 1653 543 venditionem
1682 520 1707 543 et
1735 516 1928 545 traditionem
1953 526 2007 554 pro
2033 518 2118 546 nobis
2144 524 2170 547 et

1207 564 1288 593 dicta
1303 574 1402 594 sorore
1418 571 1519 595 nostra
1536 572 1561 595 et
1578 568 1735 597 heredibus
1757 570 1866 597 nostris
1880 575 2021 607 perpetuo
2038 572 2170 608 promit-

1209 618 1302 645 timus
1317 618 1495 655 li1·miterJu
1503 625 1637 648 ramento
1653 630 1668 647 a
1692 621 1774 649 nobis
1791 623 1990 658 corporaliter
2003 625 2128 660 prestito
2145 629 2170 652 et

1207 670 1431 699 inviolabiliter
1446 672 1601 700 observare
1621 677 1646 700 ct
1664 674 1749 701 nullo
1764 674 1849 702 modo
1866 675 1910 703 rel
1928 676 2048 712 ingenio
2065 681 2171 705 contra

1208 723 1320 757 venire,
1341 723 1389 751 sed
1404 724 1430 751 si
1446 732 1519 760 opus
1534 729 1559 752 cl
1579 734 1688 753 neccsse
1705 727 1798 760 fuerit
1816 727 1947 764 [cyitinze
1964 728 2118 763 defendere
2134 729 2169 757 ab

1207 776 1294 803 omni
1309 784 1447 812 persona.
1474 776 1507 805 Si
1526 786 1592 805 cero
1606 778 1740 814 predicta
1763 780 1866 807 onznia
1889 790 1905 807 a
1927 781 2009 808 nobis
2026 790 2085 809 non
2102 782 2169 816 sue-

1207 828 1272 856 rint
1291 828 1446 856 observata
1468 830 1513 857 vel
1529 830 1658 865 quolibet
1677 831 1760 859 modo
1784 833 1955 860 venerimus
1975 838 2080 861 contra
2099 842 2170 871 pre-

1208 880 1315 915 missa,
1333 880 1501 917 predictam
1522 883 1681 918 pecuniam
1704 885 1825 911 nomine
1840 893 1914 921 pene
1934 885 2057 922 duplam
2074 886 2170 914 eidem

1208 932 1331 961 domino
1343 941 1419 970 pape
1432 938 1456 961 et
1469 934 1599 962 Romane
1613 935 1728 964 ecclesie
1738 945 1790 964 nos
1799 938 2009 973 promittimus
2019 939 2171 967 soluturos

1208 989 1234 1012 et
1248 993 1326 1021 pena
1339 985 1437 1014 soluta
1455 991 1628 1014 contractus
1645 987 1820 1024 hujusmodi
1836 989 1865 1017 in
1883 998 1936 1017 suo
1949 990 2170 1019 nichilominus

1207 1037 1310 1066 robore
1334 1044 1509 1075 perseveret.
1539 1041 1643 1068 Actum
1669 1043 1855 1077 presentibus
1883 1042 2026 1081 [testibus]
2055 1044 2093 1072 ad
2118 1045 2171 1073 hoc

1207 1090 1378 1127 specialiter
1393 1092 1517 1128 romnis,
1537 1091 1647 1121 scilicet
1666 1103 1675 1120 .-

1248 1142 1370 1171 domino
1399 1144 1536 1173 Johanne
1563 1145 1597 1173 de
1623 1145 1782 1174 Ferentino
1812 1147 2027 1177 archidiacono
2050 1149 2170 1178 Norici-

1207 1196 1298 1230 censi,
1320 1201 1406 1232 teste;

1247 1249 1394 1285 magistro
1409 1249 1539 1286 Roffrido
1557 1250 1664 1285 Uber-ti,
1684 1255 1769 1286 teste;

1247 1301 1391 1330 Silvestro
1402 1302 1660 1340 archipresbytero
1669 1303 1774 1332 Sancti
1782 1304 1930 1333 Johannis
1942 1305 1975 1334 de
1985 1306 2071 1340 Duce.r
2086 1311 2170 1342 teste;

1248 1354 1354 1383 Gratia
1370 1354 1404 1383 de
1418 1355 1514 1389 Senis,
1535 1360 1602 1384 teste
1612 1367 1621 1391 ,-

1248 1407 1333 1435 Petro
1349 1407 1382 1436 de
1401 1408 1514 1445 Capua,
1534 1413 1622 1443 teste;

1245 1459 1398 1496 Pandulfo
1414 1460 1446 1489 de
1465 1461 1594 1498 Aquino,
1615 1466 1693 1489 teste.

1246 1513 1281 1540 Et
1308 1521 1358 1549 eqo
1387 1514 1551 1542 Riccardus
1584 1514 1754 1551 imperialis
1782 1515 1852 1543 aule
1880 1516 2067 1544 scriniarius
2092 1517 2170 1545 hanc

1205 1570 1321 1593 cartam
1340 1566 1501 1602 utriusque
1516 1568 1614 1603 partis
1629 1576 1773 1595 consensu
1790 1569 1935 1605 compleri
1950 1574 2082 1605 royatus.

1165 1721 1305 1752 CCXLI.
1333 1738 1373 1744 —-
1397 1722 1548 1752 CARTULA
1572 1723 1691 1753 Ooosus
1718 1724 1890 1754 Pffismm
1918 1734 1954 1754 m:
1978 1735 2168 1756 vr-:Nm‘rtosss

1206 1783 1354 1805 BONORUM
1369 1783 1494 1804 SUORUM
1512 1776 1646 1805 ROMANE
1663 1785 1806 1806 ECCLESIE
1824 1786 1918 1806 FACTA
1931 1779 1952 1807 ¹.

1246 1881 1283 1909 In
1301 1881 1423 1909 nominc
1437 1881 1568 1915 Domini⁷
1587 1891 1688 1911 amen,
1708 1885 1794 1911 Anno
1813 1884 2039 1914 incarnationis
2055 1887 2170 1916 Christi

1208 1934 1370 1962 millesimo
1386 1934 1568 1966 CCXXXIJF‘,
1586 1936 1783 1971 pontificatus
1805 1936 1922 1964 domini
1944 1938 2081 1974 Gregorii
2094 1948 2170 1976 pape

1208 1987 1284 2015 noni
1305 1995 1387 2015 (inno
1410 1988 1545 2023 septimo,
1576 1996 1674 2015 mense
1695 1988 1791 2024 aprili
1816 1988 1862 2017 die
1885 1990 1972 2023 XVII,
2004 1991 2170 2020 indictione

1207 2044 1301 2068 sexta.
1323 2040 1382 2076 Ego
1409 2039 1466 2068 0110
1490 2040 1653 2069 Picalottus
1679 2040 1713 2068 de
1738 2041 1866 2070 Paliano
1890 2043 1946 2071 hac
1968 2044 2016 2071 die
2037 2046 2170 2081 presenti

1206 2093 1332 2129 propria
1356 2097 1381 2120 et
1402 2097 1567 2129 spontanea
1594 2093 1744 2121 voluntate
1770 2095 1861 2122 vendo
1883 2100 1908 2123 et
1933 2096 2171 2126 irrevocabiliter

1209 2144 1294 2172 trado
1309 2145 1363 2172 tibi
1378 2144 1501 2172 dmnino
1516 2145 1673 2173 Benedicto
1688 2145 1806 2174 domini
1822 2156 1896 2184 pape
1913 2150 2082 2178 camerario
2096 2159 2168 2187 pro-

1208 2197 1363 2225 curatorio
1381 2197 1505 2225 nomine
1518 2205 1574 2234 pro
1590 2198 1714 2226 donnno
1727 2207 1808 2235 papa
1826 2204 1852 2227 et
1868 2202 2086 2230 sta-ccssoribus
2105 2204 2170 2232 suis

1207 2250 1246 2278 ad
1264 2258 1336 2286 opus
1352 2254 1377 2278 et
1393 2250 1558 2278 utilitatem
1581 2250 1710 2278 Romane
1732 2252 1849 2280 ecclesie
1868 2253 1897 2280 in
1913 2259 2103 2290 perpetuum,
2122 2257 2170 2284 υἰ-

1207 2303 1311 2331 delicet
1333 2307 1423 2331 totam
1445 2308 1471 2331 et
1495 2303 1646 2340 inteqram
1671 2308 1786 2340 partem
1812 2314 1904 2333 nicam
1930 2315 2008 2334 rocce
2030 2313 2055 2335 et
2077 2310 2170 2337 castri

1207 2355 1332 2384 Paliaui
1344 2360 1370 2383 et
1386 2363 1466 2384 rocce
1480 2360 1504 2384 et
1518 2356 1614 2384 castri
1625 2356 1774 2391 Serronis,
1788 2366 1855 2385 cum
1872 2358 2007 2388 domibus
2019 2365 2044 2388 et
2058 2362 2170 2390 casali-

1207 2409 1256 2437 nis
1272 2409 1355 2444 insra
1369 2416 1470 2436 roceas
1485 2408 1602 2437 easdem
1619 2409 1657 2437 ad
1675 2418 1718 2449 me
1732 2411 1954 2446 pertinentibus
1970 2417 2073 2441 etcum
2086 2415 2170 2444 omni

1200 2461 1274 2498 jure
1291 2461 1510 2497 Jurisdictione
1535 2461 1670 2490 dominio
1693 2462 1803 2490 honore
1825 2468 1850 2491 et
1870 2465 1987 2493 actione
2008 2470 2034 2494 et
2057 2471 2116 2494 tam
2137 2468 2169 2495 in

1207 2514 1348 2542 *vcissallis
1363 2522 1453 2550 quam
1474 2515 1506 2542 in
1525 2515 1626 2548 terris,
1648 2515 1879 2552 vineis,pratis‚
1898 2518 2059 2553 ⁷11ontibus‚
2082 2519 2168 2548 colli-

1207 2568 1270 2601 bus,
1285 2568 1444 2604 planiciis,
1456 2568 1554 2602 silvis,
1565 2568 1697 2604 pascuis,
1710 2569 1800 2605 aquis
1812 2574 1838 2597 et
1849 2571 2085 2600 eoniunitatibus
2097 2574 2170 2603 uni-

1209 2621 1312 2654 versis,
1327 2621 1405 2648 sieut
1423 2620 1500 2648 milti
1516 2625 1541 2648 ct
1557 2620 1713 2648 heredibus
1731 2622 1802 2649 meis
1817 2627 1987 2659 competunt
2001 2633 2058 2661 pro
2070 2626 2169 2656 diviso

1208 2673 1253 2701 ¹vel
1270 2672 1404 2701 indiviso
1423 2673 1453 2701 in
1471 2673 1619 2709 predictis
1637 2674 1744 2702 castris
1761 2675 1845 2703 intus
1862 2680 1886 2703 et
1905 2681 1989 2705 cetra
2010 2683 2036 2706 ct
2049 2688 2104 2715 per
2124 2685 2168 2709 to-

1209 2730 1271 2753 tum
1291 2734 1393 2753 eorum
1411 2726 1602 2754 territorium
1621 2731 1646 2754 et
1662 2726 1847 2761 districtum,
1865 2730 2048 2766 etquicquid
2060 2740 2110 2768 eqo
2124 2733 2170 2762 vel

1206 2778 1269 2806 alia
1282 2786 1411 2814 persona
1426 2786 1480 2815 pro
1496 2787 1541 2806 ¹me
1556 2778 1590 2807 de
1604 2779 1747 2815 predictis
1762 2781 1902 2809 omnibus
1911 2782 2108 2818 possidemus,
2123 2790 2167 2814 to-

1204 2941 1227 2966 1.
1248 2941 1277 2966 Π
1294 2941 1363 2966 avril
1384 2941 1459 2968 1-233.
1475 2955 1510 2961 —-
1531 2941 1623 2968 Me'me
1638 2942 1769 2973 cession,
1788 2952 1859 2977 pour
1877 2945 1909 2971 62
1927 2945 2023 2977 {ivn-es,
2041 2956 2090 2981 par
2105 2948 2166 2975 Odo

1168 2991 1307 3017 Picalotto
1323 2991 1357 3017 de
1374 2990 1498 3018 Paliano.
