2392 3571
648 336 698 365 LE
721 336 865 366 LIBER
887 335 1118 367 CENSUUM
1142 336 1196 366 DE
1218 331 1403 366 L'EGLISE
1426 336 1633 366 ROMAINE.
2117 339 2177 370 565

143 399 260 426 tendum
282 400 348 427 fidei
370 404 417 427 tue
433 401 525 427 zelum
542 405 570 428 et
585 401 743 428 devotionis
759 402 897 428 servorem
914 402 1022 436 experti
1040 410 1103 436 per-

143 456 242 474 sonam
259 452 335 475 tuam
347 457 475 484 congruo
487 450 608 476 libenter
619 450 725 476 honore
736 451 948 484 prosequimur,
963 455 989 476 et
1004 451 1031 477 in
1049 450 1103 476 hiis

143 505 199 531 que
225 506 241 524 a
265 498 348 525 nobis
371 507 420 534 pro
444 499 501 525 tuis
525 502 553 525 et
579 499 700 525 ecclesie
723 499 774 525 tibi
797 499 950 526 commisse
974 499 1103 534 postulas

143 547 328 574 incrementis
348 547 540 574 favorabiliter
559 556 684 575 annuere
702 548 834 575 volumus
850 549 924 575 votis
939 549 1006 575 tuis.
1029 547 1103 574 Hinc

142 599 188 622 est
203 595 277 630 quod
294 596 480 622 fraternitatis
496 600 543 622 tue
559 596 693 631 precibus
707 596 833 623 inclinati
845 601 970 623 castrum
982 596 1017 622 de
1028 596 1103 623 Arsa

141 651 207 670 cum
224 652 306 670 rocca
323 647 352 670 et
365 644 427 670 aliis
450 644 631 678 pertinentiis
653 645 716 671 suis
732 645 759 670 in
777 649 823 671 tua
840 645 927 671 situm
943 645 1052 672 diocesi
1068 645 1102 671 ad

142 692 300 719 Romanam
325 697 461 728 spectans
485 693 637 719 ecclesiam
667 693 720 719 sub
750 702 844 719 annuo
869 702 957 720 censu
981 693 1103 720 duorum

141 742 373 775 augusten-iorum
397 740 459 766 auri
484 741 527 766 vel
549 740 652 775 viginti
671 741 826 767 solidorum
850 741 1030 768 denariorum
1056 750 1103 768 se-

141 793 225 815 natus
242 793 338 816 nostre
354 796 465 815 camere
481 789 669 823 persolvendo
685 789 736 815 tibi
751 790 866 824 tuisque
883 790 1103 817 successoribus

140 838 175 864 de
190 838 309 864 consilio
328 838 449 864 fratrum
471 841 634 864 nostrorum
655 839 832 872 presentium
850 839 1018 865 auctoritate
1034 847 1104 865 con-

141 886 272 912 cedimus
299 886 377 912 feudi
400 885 514 912 nomine
539 890 676 920 perpetuo
700 886 921 920 possidendum,
947 888 985 913 ita
1009 891 1103 914 tamen

140 934 215 969 quod
231 943 362 969 guerram
380 942 536 969 pacemque
552 934 653 960 exinde
669 935 781 961 facietis
791 935 824 961 ad
843 939 972 962 nostrum
988 944 1019 962 ac
1035 944 1104 962 suc-

140 991 290 1010 cessorum
306 987 469 1010 nostrorum
484 983 691 1018 beneplacitum
708 987 736 1009 et
752 983 926 1010 mandatum.
943 983 1019 1010 Nulli
1035 992 1104 1019 ergo

141 1033 281 1066 0m[n]iuo
297 1032 444 1058 hominum
461 1032 544 1058 liceat
559 1032 633 1058 hanc
647 1032 779 1066 paginam
795 1036 890 1058 nostre
906 1033 1104 1059 concessionis

140 1081 297 1115 infringere
319 1081 363 1107 vel
386 1081 412 1107 ei
436 1089 509 1107 ausu
532 1080 682 1106 temerario
706 1081 856 1108 contraire.
879 1080 909 1107 Si
929 1081 993 1115 quis
1008 1085 1104 1108 autem

141 1131 196 1157 hoc
217 1133 376 1165 attenptare
398 1129 622 1164 presumpserit,
650 1129 875 1163 indignationem
899 1130 1105 1164 omnipotentis

141 1178 195 1205 Dei
211 1183 239 1205 et
255 1179 401 1205 beatorum
419 1178 495 1205 Petri
511 1182 539 1204 et
556 1177 638 1204 Pauli
653 1177 847 1213 apostolorum
866 1178 929 1205 eius
946 1186 977 1204 se
994 1179 1105 1205 noverit

140 1228 335 1254 incursurum.

176 1276 281 1303 Datum
306 1276 438 1302 Laterani
462 1276 517 1302 kal.
544 1275 689 1307 februarii,
710 1275 893 1310 pontificatus
919 1276 1008 1302 nostri
1029 1285 1103 1303 anno

141 1325 302 1352 undecimo.

109 1479 250 1515 [0001111.
276 1495 309 1499 —
335 1479 377 1505 Da
402 1487 501 1506 cas‘rno
523 1479 652 1506 JULLIANI
673 1478 880 1506 Verri-:Tnznsis
901 1488 1019 1506 niuei-:sm
1038 1488 1105 1507 Pno-

140 1537 240 1555 fflaicio
260 1537 295 1554 Na
314 1536 364 1555 pan
383 1536 502 1558 amoni-:iu
523 1536 629 1555 sium-un
650 1538 665 1553 A
685 1536 789 1555 ranna
808 1527 934 1555 Jonnixxo
948 1533 967 1556 ¹.

175 1630 313 1658 Urbanus
334 1633 362 1656 et
382 1633 487 1657 cetera.
502 1628 614 1656 Dilecto
630 1629 687 1656 filio
703 1634 802 1656 nostro
822 1629 859 1657 R.
881 1630 977 1657 Sancti
998 1630 1105 1665 Angeli

140 1679 261 1706 diacono
281 1678 428 1705 cardinali.
445 1678 491 1704 Ad
507 1682 638 1704 nostrum
655 1678 785 1713 pervenit
805 1678 935 1705 auditum
955 1679 1031 1714 quod
1047 1679 1105 1706 fra-

140 1731 184 1754 ter
199 1727 346 1754 Jordanus
361 1727 522 1753 monachus
537 1727 704 1753 monasterii
721 1726 811 1753 Fosse
825 1727 906 1754 Nove
929 1727 1105 1754 Cistercien-

141 1776 183 1803 sis
198 1775 306 1802 ordinis
322 1779 449 1802 castrum
469 1775 504 1802 de
525 1775 640 1802 Jullano
664 1775 854 1802 Velletrensis
875 1776 999 1803 dlocesis
1021 1785 1105 1812 spec·

141 1828 206 1852 tans
221 1824 256 1851 ad
276 1824 435 1851 Romanam
452 1824 621 1855 ecclesiam,
640 1824 717 1858 quod
734 1825 797 1858 ejus
818 1825 946 1859 germani
967 1825 996 1852 in
1013 1826 1105 1858 ipsius

142 1872 271 1900 Ecclesie
301 1872 491 1907 prejudicium
517 1876 687 1907 occupatum
711 1872 852 1899 hactenus
876 1873 1036 1900 detinuisse
1063 1874 1106 1901 di-

141 1925 263 1954 cuntur,
289 1921 413 1947 intendit
436 1921 612 1948 venditionis
632 1921 715 1947 titulo
735 1922 763 1947 in
782 1925 928 1956 potentem
951 1923 1105 1949 transferre

140 1979 304 2006 personam.
321 1970 392 1997 Cum
409 1971 498 2005 igitur
514 1970 679 2003 hujusmodi
694 1970 819 1997 venditio
835 1971 860 1997 si
876 1971 956 1997 fieret
972 1973 999 1998 in
1015 1973 1107 1999 mani-

140 2020 246 2046 festum
263 2018 393 2045 Ecclesie
409 2018 600 2054 prejudicium
617 2018 799 2051 redundaret,
816 2027 870 2045 nos
885 2020 1013 2046 volentes
1024 2028 1104 2055 apos-

141 2068 228 2094 tolica
248 2075 336 2102 super
358 2067 413 2093 hoc
433 2066 629 2093 sollicitudine
645 2066 804 2101 providere,
821 2067 988 2094 discretioni
1009 2072 1056 2094 tue
1072 2068 1106 2094 de

142 2125 198 2152 qua
214 2117 326 2151 plenam
342 2116 370 2142 in
398 2115 520 2142 Domino
541 2115 674 2142 fiduciam
697 2116 860 2142 obtinemus
883 2124 931 2150 per
950 2117 1106 2151 apostolica

142 2167 250 2200 scripta
266 2165 434 2191 mandamus
445 2168 589 2199 quatenus
600 2165 773 2199 ubicumque
788 2165 923 2199 expedire
935 2165 1040 2192 videris
1052 2175 1105 2201 pu-

143 2214 215 2241 blice
240 2214 440 2240 inhibitionem
464 2213 553 2239 facias
577 2213 737 2247 generalem
765 2222 799 2239 ne
821 2214 925 2247 aliquis
947 2214 1106 2248 predictum

142 2267 269 2289 castrum
303 2263 403 2296 ejusve
433 2261 623 2295 pertinentias
652 2270 668 2287 a
701 2260 829 2296 predicto
861 2262 947 2288 fratre
979 2262 1105 2289 Jordano

144 2310 242 2337 suisve
259 2309 395 2336 fratribus
411 2317 506 2335 emere
522 2317 573 2335 seu
594 2317 777 2344 quocumque
798 2310 852 2336 alio
873 2310 1053 2337 alienationis
1068 2312 1106 2337 ti—

143 2360 202 2386 tulo
219 2359 347 2394 recipere
362 2358 563 2393 quoquomodo
580 2362 757 2393 presumant,
770 2358 927 2385 decernens
937 2360 1106 2386 auctoritate

144 2543 168 2569 1.
187 2541 318 2575 Orvieto‚
341 2541 373 2567 18
394 2540 504 2575 janvier
521 2540 598 2567 1263.
620 2554 655 2560 —
674 2539 712 2566 Le
732 2549 803 2575 pape
824 2540 931 2567 Urbain
954 2540 995 2567 IV
1013 2541 1106 2568 donne

107 2591 293 2619 commission
312 2599 347 2616 au
363 2589 489 2616 cardinal
512 2589 636 2615 Richard
658 2589 692 2615 de
712 2593 853 2624 protester
869 2594 966 2617 contre
982 2591 1006 2617 la
1022 2595 1107 2617 vente

107 2640 146 2667 du
165 2640 284 2666 chateau
304 2639 339 2665 de
360 2637 531 2664 Giulianello
548 2639 574 2670 (a
591 2636 642 2663 ΓΕ.
664 2637 698 2663 de
717 2637 863 2671 Velletri),
887 2647 942 2672 que
965 2639 990 2665 le
1012 2641 1106 2666 moine

107 2688 263 2722 Giordano,
278 2687 312 2714 dc
326 2687 502 2718 Fossanova,
518 2690 584 2712 veut
595 2685 732 2712 effectuer
746 2695 781 2712 au
795 2687 947 2714 detriment
959 2688 995 2714 du
1011 2688 1107 2715 Saint-

108 2738 203 2772 Siege.
220 2736 275 2763 Les
289 2736 354 2770 cinq
367 2736 463 2770 pieces
478 2740 520 2761 n⁰⁵
533 2733 792 2766 CCCIlI-CCCVII,
806 2736 937 2763 relatives
948 2738 964 2763 a
977 2737 1002 2763 la
1015 2737 1107 2763 meme

107 2785 214 2817 affaire,
229 2788 294 2811 sont
309 2784 344 2810 de
361 2784 452 2810 meme
468 2782 608 2814 ecriture;
626 2782 663 2809 du
675 2787 760 2814 reste,
778 2784 802 2810 le
818 2784 882 2810 titre
898 2785 935 2811 du
952 2791 982 2811 n⁰
996 2784 1108 2812 CCCIII

109 2838 154 2862 est
173 2835 264 2870 plutOt
285 2834 311 2860 le
331 2834 397 2859 titre
425 2832 459 2858 de
482 2832 508 2857 la
528 2832 677 2858 collection
699 2840 754 2866 que
775 2833 847 2859 celui
867 2833 902 2859 de
924 2834 949 2860 la
969 2835 1107 2869 premiere

108 2883 198 2919 pi'ece.
210 2882 266 2909 Ces
277 2882 373 2917 pieces
385 2884 413 2907 et
424 2881 466 2906 les
479 2879 551 2906 trois
562 2880 721 2911 suivantes,
734 2880 997 2914 CCCVIIl-CCCX‚
1011 2885 1107 2917 poste-

108 2931 218 2958 rieures
233 2933 249 2958 a
264 2930 405 2957 Innocent
418 2928 472 2962 1V‚
495 2936 530 2954 ne
547 2931 613 2954 sont
631 2928 711 2963 point
731 2931 844 2956 entrees
860 2929 931 2957 dans
953 2931 978 2956 le
997 2932 1108 2958 Riccar-

107 2980 210 3007 dianus
228 2979 296 3014 2⁴28,
318 2979 360 3010 ni,
383 2986 433 3013 par
455 2976 546 3011 suite,
570 2977 641 3003 dans
662 2977 703 3003 les
724 2978 898 3005 manuscrits
920 2979 1107 3014 postet-ieurs.

1221 406 1317 428 nostra
1344 401 1454 428 irritum
1478 407 1505 428 et
1527 403 1609 429 inane
1632 403 1766 438 quicquid
1790 404 1824 430 de
1847 405 1909 439 ipso
1933 408 2027 431 castro
2050 407 2172 440 eJusque

1219 450 1400 485 pertinentiis
1417 458 1467 484 per
1482 451 1689 485 venditionem,
1716 453 1952 486 permutationem
1964 475 1970 486 ‚
1992 454 2174 486 locationem,

1219 498 1418 529 donationem,
1436 499 1478 524 vel
1494 499 1563 525 alias
1578 500 1790 533 quomodolibet
1809 504 2006 535 attemptatum
2028 506 2072 528 est
2085 502 2130 528 vel
2145 502 2175 528 iu

1220 550 1367 581 posterum
1383 548 1534 581 contigerit
1550 549 1720 583 attemptari.
1739 548 1879 576 Volumus
1898 554 1993 576 autem
2017 554 2047 576 ut
2068 550 2102 576 de
2118 551 2176 577 hu-

1216 595 1345 630 jusmodi
1361 603 1499 629 processu
1511 599 1559 622 tuo
1570 596 1670 623 confici
1682 597 1767 624 facias
1782 598 1928 632 publicum
1940 600 2173 630 instrumentum,

1219 643 1288 669 illud
1308 643 1390 669 nobis
1412 644 1577 677 quantotius
1601 645 1706 678 poteris
1721 646 1955 673 transmissurus.
1980 646 2084 673 Datum
2100 646 2177 682 apud

1219 691 1463 722 Urbemveterem,
1480 700 1516 718 xv
1532 692 1584 719 kal.
1601 693 1681 725 sebr.‚
1699 702 1772 720 anno
1788 694 1925 722 secundo.

1188 844 1328 879 [CCCIVJ.
1348 858 1384 864 —·
1403 844 1445 871 Ds
1465 850 1584 873 aonssM1.

1256 946 1288 972 In
1306 947 1419 973 nomine
1440 946 1564 974 Domini.
1587 948 1670 974 Anno
1693 948 1834 975 dominice
1856 950 2059 977 incarnationis
2083 951 2178 978 mille-

1221 994 1293 1021 simo
1321 994 1475 1028 commi,
1499 1000 1627 1030 tempore
1656 996 1763 1023 domini
1787 996 1895 1024 Urbani
1916 998 1973 1025 1111
1998 1008 2077 1034 pape,
2102 1008 2177 1026 anno

1221 1045 1285 1077 ejus
1301 1043 1343 1077 11,
1360 1043 1515 1070 indictione
1533 1043 1586 1078 VI,
1609 1053 1707 1071 mense
1719 1046 1844 1080 januarii
1858 1046 1902 1072 die
1922 1046 2064 1075 XXVIII.
2081 1047 2179 1074 Vene-

1221 1092 1319 1118 rabilis
1336 1096 1414 1127 pater
1430 1092 1563 1119 dominus
1580 1093 1614 1119 R.
1633 1093 1730 1120 Sancti
1749 1094 1853 1128 Angeli
1872 1095 2010 1122 diaconus
2025 1096 2178 1124 cardinalis

1221 1140 1330 1175 recepit
1346 1141 1455 1167 litteras
1476 1141 1648 1176 apostolicas
1669 1142 1812 1175 integras.
1833 1151 1886 1169 non
1908 1144 2021 1170 vitiatas
2040 1145 2069 1171 in
2085 1145 2179 1179 aliqua

1222 1193 1301 1223 parte
1315 1190 1371 1220 sui,
1384 1197 1504 1223 quarum
1519 1190 1724 1216 continentiam
1741 1199 1793 1224 ego
1810 1191 1976 1218 scriniarius
1989 1193 2115 1226 presenti
2128 1201 2180 1227 pa-

1221 1237 1288 1271 gina
1303 1238 1464 1272 conscripsi
1481 1238 1568 1264 nichil
1583 1238 1693 1264 minuto
1706 1239 1876 1273 vela1d1dito
1893 1244 1920 1266 et
1935 1244 1979 1266 est
1993 1241 2057 1267 talis
2073 1252 2078 1266 :
2096 1251 2108 1264 u
2123 1240 2182 1267 Ur-

1221 1296 1233 1311 »
1253 1287 1344 1313 banus
1362 1298 1373 1309 u
1391 1291 1418 1313 et
1434 1291 1543 1320 cetera,
1565 1287 1637 1314 utin
1658 1288 1785 1322 proxima
1802 1288 1893 1315 littera
1910 1289 2071 1323 precedenti
2088 1297 2180 1324 usque

1222 1345 1236 1359 n
1248 1343 1322 1361 anno
1333 1335 1471 1362 secundo.
1485 1345 1497 1360 n
1511 1334 1642 1362 Ceterum
1660 1336 1687 1361 in
1704 1337 1847 1370 presentia
1862 1338 1917 1362 mei
1933 1338 2073 1364 scriniarii
2084 1342 2113 1364 et
2127 1341 2182 1364 tes·

1222 1384 1292 1409 tium
1309 1384 1539 1418 subscriptorum
1562 1384 1596 1410 ad
1616 1384 1671 1410 hoc
1692 1385 1854 1419 specialiter
1870 1390 2035 1412 vocatorum
2052 1390 2080 1413 et
2097 1395 2182 1421 roga-

1221 1436 1326 1466 torum,
1347 1433 1481 1459 dominus
1505 1433 1607 1460 Petrus
1626 1433 1749 1460 clericus
1768 1434 1890 1460 ecclesie
1913 1434 2011 1461 Sancti
2034 1435 2182 1463 Eustachii

1221 1484 1249 1507 et
1264 1481 1399 1507 dominus
1415 1481 1565 1516 presbyter
1576 1481 1679 1508 Petrus
1690 1482 1813 1508 clericus
1829 1483 1949 1509 ecclesie
1963 1483 2061 1510 Sancti
2075 1483 2182 1519 Angeli

1221 1529 1256 1556 de
1276 1530 1355 1557 Urbe
1377 1531 1509 1565 legerunt
1528 1531 1556 1557 in
1576 1531 1697 1565 quadam
1721 1531 1836 1565 [cedula]
1860 1531 1887 1558 in
1908 1532 2024 1558 basilica
2044 1532 2182 1567 principis

1221 1579 1416 1614 apostolorum
1438 1583 1571 1614 presente
1594 1579 1715 1613 plurimo
1737 1580 1842 1615 populo
1863 1583 1890 1606 et
1910 1580 2043 1607 audiente
2064 1581 2182 1608 manda-

1221 1631 1282 1654 tum
1299 1627 1418 1662 predicti
1433 1628 1540 1654 domini
1554 1628 1705 1654 cardinalis
1726 1629 1811 1663 cujus
1827 1629 2001 1655 continentia
2017 1629 2080 1656 talis
2095 1633 2155 1656 erat
2173 1641 2179 1656 ε

1223 1687 1236 1700 «
1256 1671 1372 1702 Mandat
1383 1676 1517 1703 dominus
1528 1685 1599 1711 papa
1612 1676 1726 1703 domino
1738 1676 1878 1704 Riccardo
1895 1677 1991 1704 Sancti
2006 1678 2111 1712 Angeli
2121 1678 2181 1705 dia-

1221 1733 1235 1749 »
1257 1732 1329 1751 cono
1344 1725 1499 1751 cardinali²
1514 1725 1590 1759 quod
1606 1733 1672 1751 cum
1693 1725 1815 1752 audierit
1834 1725 1910 1760 quod
1928 1730 2054 1753 castrum
2073 1725 2181 1753 Jullani

1223 1784 1235 1797 »
1257 1773 1333 1808 quod
1356 1777 1401 1800 est
1422 1774 1544 1808 speciale
1565 1777 1691 1800 castrum
1709 1774 1831 1800 ecclesie
1847 1774 1986 1807 Romane,
2003 1775 2079 1809 quod
2094 1775 2183 1802 frater

1223 1833 1235 1846 n
1256 1821 1401 1848 Jordanus
1417 1822 1574 1849 monachus
1590 1822 1755 1849 Fossenove
1770 1822 1846 1849 filius
1865 1822 1972 1849 domini
1989 1823 2131 1850 Guidonis
2146 1823 2182 1850 de

1223 1881 1236 1894 u
1257 1870 1382 1897 Jordano
1394 1874 1421 1897 et
1432 1871 1534 1897 fratres
1545 1871 1590 1897 sui
1601 1874 1756 1897 tenuerunt
1771 1875 1952 1906 occupatum,
1969 1872 2054 1898 vendi
2068 1872 2180 1903 debeat,

1224 1931 1236 1943 υ
1259 1923 1289 1946 ut
1304 1920 1365 1954 ipse
1382 1920 1534 1946 cardinalis
1548 1920 1632 1946 faciat
1647 1920 1770 1946 inhiberi
1786 1920 1897 1955 publice
1915 1920 1962 1947 ubi
1975 1921 2077 1947 viderit
2091 1929 2182 1956 expe-

1224 1980 1235 1993 „
1257 1968 1332 2001 dire,
1354 1969 1428 2003 quod
1450 1970 1555 1995 nullam
1572 1969 1780 2000 venditionem,
1802 1969 1982 1996 donationem
2008 1970 2051 1996 vel
2068 1978 2184 2005 permu-

1224 2028 1236 2040 n
1258 2017 1393 2043 tationem
1409 2017 1513 2043 faciant
1535 2017 1569 2043 de
1590 2018 1652 2051 ipso
1676 2020 1771 2043 castro
1792 2021 1820 2043 et
1840 2019 1904 2052 ejus
1924 2018 2080 2045 tenimento
2095 2017 2123 2044 in
2139 2022 2183 2044 to-

1223 2075 1235 2090 n
1258 2069 1318 2092 tum
1335 2066 1378 2092 vel
1394 2066 1422 2092 in
1439 2070 1528 2100 parte.
1548 2066 1685 2100 Alioquin
1701 2065 1726 2092 si
1743 2066 1785 2092 vel
1803 2066 1851 2092 fiet
1866 2067 1909 2092 vel
1924 2067 1998 2093 facta
2017 2068 2069 2098 sit,
2091 2067 2184 2102 ipsam

1224 2126 1236 2138 υ
1258 2114 1460 2146 venditionem,
1485 2114 1667 2141 donationem
1690 2115 1732 2140 vel
1755 2116 2009 2149 permutationem,
2034 2115 2184 2142 denuntiet

1224 2174 1236 2187 n
1258 2163 1366 2189 irritam
1389 2167 1417 2189 et
1437 2164 1548 2189 inanem
1571 2167 1599 2189 et
1621 2171 1710 2197 super
1734 2163 1788 2189 hoc
1808 2163 1909 2189 confici
1932 2164 2015 2190 faciat
2036 2164 2183 2198 publicum

1224 2222 1236 2235 v>
1258 2212 1492 2238 instrumentum.
1511 2211 1630 2246 Propter
1645 2211 1721 2246 quod
1733 2211 1807 2237 idem
1824 2211 1957 2238 dominus
1973 2212 2122 2239 cardinalis
2138 2211 2192 2242 de-v

1224 2272 1236 2284 u
1258 2260 1388 2287 liberavit
1403 2260 1497 2292 hodie,
1514 2260 1559 2286 die
1572 2260 1724 2291 dominico,
1739 2261 1811 2286 hanc
1822 2260 2020 2287 inhibitionem
2037 2265 2064 2287 et
2077 2261 2185 2287 denun-

1223 2319 1236 2334 ι)
1257 2309 1403 2335 tiationem
1424 2309 1538 2343 publice
1557 2309 1620 2335 fieri
1643 2317 1692 2342 per
1713 2312 1838 2334 rectores
1858 2308 1886 2334 in
1907 2308 2023 2334 basilica
2045 2309 2183 2343 principis

1225 2368 1237 2381 υ
1259 2358 1452 2392 apostolorum
1468 2361 1496 2383 et
1511 2357 1539 2383 in
1557 2357 1680 2383 ecclesia
1696 2360 1794 2383 sancte
1811 2356 1898 2382 Mario
1914 2356 2031 2391 Majoris
2048 2360 2076 2383 et
2090 2357 2118 2383 in
2135 2365 2184 2384 ee-

1223 2416 1236 2431 »
1258 2407 1346 2433 clesia
1370 2407 1461 2433 sancti
1486 2406 1629 2432 Laurentii
1656 2405 1703 2432 ubi
1728 2410 1772 2431 est
1793 2405 1899 2432 statio³
1921 2405 1983 2439 ipsa
2003 2405 2058 2433 die.
2085 2406 2184 2433 Monet

1225 2467 1237 2479 n
1259 2463 1326 2488 ergo
1351 2459 1379 2481 et
1403 2454 1516 2480 mandat
1540 2442 1686 2488 predictus
1711 2453 1844 2480 dominus
1868 2453 2018 2480 cardinalis
2044 2462 2078 2480 ex
2103 2458 2184 2490 parte

1225 2514 1237 2527 n
1259 2503 1365 2529 domini
1379 2511 1450 2537 pape
1467 2502 1626 2537 predictum
1642 2502 1757 2528 fratrem
1771 2501 1930 2527 Jordanum
1945 2505 1973 2528 et
1983 2510 2183 2537 quoscumque

1224 2561 1236 2576 υ
1259 2552 1330 2578 alios
1345 2559 1380 2577 ne
1394 2551 1518 2577 vendant
1533 2558 1566 2576 ae
1582 2558 1683 2576 omnes
1698 2554 1842 2584 emptores
1859 2558 1894 2576 ne
1909 2553 2004 2576 emant
2024 2551 2067 2576 vel
2085 2552 2113 2577 in
2128 2551 2183 2578 do-

1225 2612 1236 2623 n
1257 2600 1400 2626 nationem
1425 2599 1563 2634 recipiant
1586 2603 1635 2624 aut
1660 2601 1838 2624 contractum
1862 2598 2080 2632 permutationis
2104 2599 2183 2625 cele—

1225 2783 1250 2810 1.
1266 2782 1368 2814 Rome,
1385 2782 1419 2809 ‘28
1431 2782 1543 2815 janvier
1557 2780 1634 2808 ¹263.
1649 2795 1683 2800 —
1696 2779 1915 2806 Preces-verbal
1926 2779 1960 2805 de
1970 2779 1996 2805 la
2007 2779 2183 2814 publication

1187 2840 1238 2866 par
1252 2831 1294 2857 les
1309 2835 1438 2857 recteurs
1454 2830 1491 2856 du
1507 2830 1602 2863 clerge
1619 2828 1736 2860 romain,
1755 2828 1826 2854 dans
1841 2828 1865 2854 la
1882 2828 2019 2862 basilique
2035 2828 2070 2854 de
2087 2828 2183 2855 Saint-

1188 2879 1294 2910 Pierre,
1312 2878 1346 2905 de
1362 2879 1387 2905 la
1403 2878 1589 2913 protestation
1605 2877 1643 2903 du
1659 2876 1784 2903 cardinal
1798 2876 1935 2903 Richard.

1224 2929 1248 2955 2.
1267 2928 1328 2955 Cod.
1346 2927 1507 2954 cardinalis.

1225 2977 1251 3005 3.
1268 2976 1426 3003 Dimanche
1441 2975 1475 3002 de
1491 2974 1719 3010 Septuagesime.
