2392 3571
187 359 244 389 500

229 425 339 452 dictam
364 421 524 459 pecaniam
556 419 677 447 nomine
696 426 771 454 pene
797 417 923 454 duplam
951 416 1045 444 eidem
1069 415 1194 444 domino

226 485 301 514 pape
314 481 339 504 et
350 476 480 503 Romane
491 472 609 501 ecclesie
622 479 674 499 nos
684 479 767 507 prom
776 471 895 498 ittimus
902 470 1064 504 soluturos,
1080 473 1105 497 et
1114 476 1193 506 pena

229 530 327 558 soluta
338 531 508 556 contractus
519 530 544 553 et
556 525 660 553 omnia
674 523 850 561 supradicta
864 523 1087 551 nichilominus
1102 521 1193 558 firma

226 584 438 619 permaneant.
448 580 552 607 Actum
566 577 754 614 presentibus
771 575 893 604 testibus
905 575 945 603 ad
957 575 1010 603 hoc
1024 574 1196 611 specialiter

230 635 351 672 royatis,
370 633 482 661 scilieet
500 641 509 658 :

268 687 384 715 Alberto
398 684 549 714 „Iohannis
561 683 678 720 Apulie.
700 686 767 710 teste
776 693 785 717 ‚-

268 739 391 768 domino
409 737 561 774 Stephano
576 735 731 773 capellano
747 734 867 763 domini
879 742 965 771 pape,
987 738 1055 761 teste
1067 744 1076 767 ,-

269 791 464 829 Capudniyro
481 789 515 817 de
527 789 626 819 Senis.
645 792 731 823 teste,-

270 845 417 881 mayistro
431 843 570 871 Johanne
586 842 669 870 Petri
685 840 848 874 Grimaldi,
868 844 936 868 teste
947 851 956 874 ,-

270 897 370 925 Lando
386 896 420 924 de
435 896 557 932 Aquino
575 899 600 923 et
616 894 688 922 aliis
706 894 838 922 testibus.

268 951 303 978 Et
316 958 365 986 eyo
382 948 546 978 Riccardas
566 947 738 984 imperialis
753 947 822 975 aule
834 945 1024 974 scriniarius
1035 945 1112 973 hanc
1128 952 1198 972 car-

231 1008 289 1032 tam
307 1003 468 1038 utriusque
483 1001 581 1038 partis
597 1008 742 1028 consensu
759 999 905 1036 complevi
921 1002 1056 1035 rogatus.

189 1159 454 1192 CCXXXVIIII.
475 1176 513 1180 -
534 1158 686 1188 CARTULA
704 1164 904 1186 vmm'rloms
926 1156 1023 1185 Pam
1043 1155 1197 1185 Gnnxoffl

232 1223 271 1244 ΒΤ
287 1213 443 1243 Gnssssoml
461 1220 533 1241 mnu
550 1220 598 1240 sm
611 1211 632 1239 ¹.

271 1321 308 1349 In
324 1320 445 1348 nomine
463 1318 595 1351 Domini,
616 1325 716 1345 amen.
733 1317 821 1344 Anno
837 1315 1066 1344 ‘incarnationis
1085 1314 1199 1343 Christi

232 1373 394 1401 millesimo
414 1371 617 1400 ducentesimo
639 1369 790 1397 tricesimo
809 1369 909 1401 tertio⁷
928 1368 1125 1405 pontificatus
1146 1367 1198 1395 do-

230 1426 313 1454 mini
337 1425 367 1453 G.
393 1432 468 1461 pape
490 1423 563 1451 noni
581 1430 663 1450 anno
678 1426 774 1455 sexto,
796 1429 895 1449 mense
911 1420 1014 1448 madio
1030 1420 1076 1448 die
1092 1420 1196 1455 XVIII,

233 1477 399 1506 indictione
421 1480 515 1504 semla.
540 1475 597 1503 Nos
620 1475 727 1502 Petrus
751 1473 908 1502 Gratiosus
931 1477 956 1500 et
982 1472 1144 1509 Greyorius
1165 1472 1199 1500 de

237 1531 315 1559 Valle
331 1530 486 1558 Mztntonis
497 1533 584 1565 pater
606 1532 631 1555 et
649 1527 734 1563 filius
750 1527 807 1554 hac
822 1526 870 1554 die
883 1526 1016 1562 presenti
1032 1525 1160 1562 propria
1173 1530 1199 1553 et

230 1588 395 1620 spontanea
412 1582 565 1610 voluntate
580 1579 740 1608 vendimus
751 1583 776 1607 et
788 1578 1030 1606 irrevocabiliter
1046 1577 1200 1606 tradimus

232 1636 287 1664 tibi
308 1635 430 1663 domino
450 1633 605 1661 Benedicto
628 1632 746 1660 domini
765 1640 840 1668 pape
861 1631 1030 1659 camerario
1048 1639 1199 1667 procura-

233 1689 309 1718 torio
327 1688 451 1716 nomine
469 1695 523 1723 pro
544 1687 605 1722 ipso
622 1685 744 1713 domino
759 1694 839 1722 papa
856 1689 881 1712 et
897 1685 1115 1713 successoribus
1135 1685 1200 1713 suis

233 1740 389 1778 recipienti
407 1740 446 1768 ad
467 1748 540 1776 opus
562 1743 586 1766 et
607 1738 770 1766 utilitatem
794 1738 924 1765 Romane
945 1737 1063 1765 ecclesie
1083 1737 1112 1765 in
1129 1745 1200 1774 per-

231 1798 372 1831 petuum,
404 1791 539 1820 videlicet
568 1795 657 1818 totam
689 1794 714 1818 et
742 1790 893 1826 ¹integram
920 1794 1036 1826 partem
1065 1794 1199 1818 nostram

231 1855 313 1875 rocre
338 1852 363 1874 et
384 1845 478 1873 castri
493 1843 637 1876 Paliani,
662 1851 729 1871 cum
747 1842 885 1870 domibus
903 1847 929 1870 et
946 1843 1094 1870 casalinis
1116 1843 1199 1878 infra

232 1898 353 1928 eandem
385 1905 499 1926 roccam
528 1896 612 1924 nobis
635 1895 858 1932 pertinentibus
880 1899 904 1923 et
928 1904 995 1923 cum
1022 1895 1106 1923 omni
1127 1896 1201 1931 jure

225 1951 430 1989 juridictione
447 1949 584 1978 dominio
604 1953 629 1976 et
650 1949 761 1976 honore
776 1953 802 1976 et
822 1948 940 1976 actione
958 1953 984 1976 et
1001 1952 1060 1976 tam
1081 1948 1110 1975 in
1130 1957 1200 1977 vas-

231 2005 318 2033 sallis
330 2012 420 2040 quam
437 2004 466 2031 in
481 2003 580 2035 terris,
595 2001 838 2039 possessionibus,
856 2001 962 2034 vineis,
977 2001 1087 2037 pratis⁷
1100 2002 1200 2036 silvis,

233 2057 400 2091 montibus,
420 2056 556 2089 collibus,
577 2054 734 2091 planiciis,
752 2054 882 2090 pascuis,
903 2054 992 2089 aquis
1013 2058 1038 2081 et
1061 2054 1201 2082 comuni—

236 2111 346 2139 tatibus
365 2108 525 2142 universis>
545 2108 623 2135 sicut
642 2107 725 2135 nobis
739 2111 764 2134 et
781 2106 938 2134 heredibus
956 2106 1068 2134 nostris
1083 2115 1200 2144 compe-

234 2167 302 2191 tunt
321 2170 376 2199 pro
398 2161 495 2189 diviso
519 2161 561 2188 cel
584 2160 718 2187 indiviso
744 2159 773 2187 in
794 2158 929 2196 predicto
949 2163 1046 2187 castro
1074 2160 1157 2188 intus
1175 2164 1200 2188 et

232 2220 317 2243 estro
338 2219 363 2242 el
383 2222 436 2250 per
453 2218 544 2241 totum
563 2213 693 2249 ejusdem
712 2212 805 2240 castri
823 2212 1013 2239 territorium
1034 2216 1059 2240 et
1076 2212 1201 2240 distric-

234 2273 296 2296 tum
311 2290 316 2301 ‚
334 2272 359 2295 et
379 2266 524 2303 quiequid
549 2275 599 2294 nos
620 2266 663 2294 cel
683 2266 746 2293 alia
767 2273 896 2302 persona
910 2273 965 2301 pro
982 2265 1066 2293 nobis
1082 2265 1116 2293 tle
1129 2274 1200 2302 pre-

233 2321 322 2349 dictis
344 2320 483 2348 omnibus
501 2319 688 2355 possidemus
709 2327 725 2346 a
747 2318 879 2355 presenti
905 2319 1123 2346 constituimus
1148 2326 1201 2346 nos

235 2374 356 2402 nomine
372 2373 501 2401 Romane
522 2372 638 2400 ecclesie
653 2371 804 2408 possidere
815 2393 821 2405 ,
844 2375 870 2399 et
885 2371 995 2399 damus
1010 2371 1202 2400 concedimus

233 2427 292 2463 ipsi
305 2425 510 2461 dominopape
522 2433 555 2452 ae
570 2424 790 2452 successoribus
806 2424 870 2451 suis
887 2423 1012 2452 liberam
1027 2428 1199 2460 potestatem

237 2478 377 2507 intrandi
402 2483 428 2505 et
455 2477 625 2514 aecipiendi
647 2486 702 2514 per
724 2485 752 2505 se
783 2476 826 2505 rel
850 2481 1080 2513 procuratorem
1110 2485 1199 2504 suum

235 2531 415 2560 auctoritate
433 2531 561 2567 propria
585 2530 797 2567 possessionem
820 2530 961 2558 omnium
978 2529 1197 2566 predictorum,

235 2589 259 2612 et
275 2583 416 2617 habendi,
436 2582 566 2616 tenendi,
582 2582 756 2619 possidendi
774 2582 813 2610 ad
826 2590 900 2619 opus
915 2586 941 2610 et
961 2582 1128 2610 utilitatem
1146 2582 1202 2611 Ro-

236 2645 322 2664 mane
339 2635 456 2664 ecclesie
473 2635 506 2663 in
525 2639 700 2672 perpetuum
720 2635 824 2663 omnia
841 2635 1030 2672 supradicta,
1050 2635 1134 2663 salvo
1147 2643 1202 2672 per

235 2689 338 2716 omnia
352 2688 434 2716 nobis
446 2692 470 2715 et
483 2687 640 2715 heredibus
653 2688 764 2716 nostris
779 2691 922 2724 perpetuo
933 2687 1012 2724 quod
1023 2695 1202 2724 omnespos-

237 2866 258 2889 l.
280 2866 307 2890 ts
325 2866 378 2890 mai
399 2864 472 2891 1233.
490 2880 522 2883 —
546 2864 641 2890 Pieri-e
662 2865 799 2891 Grazioso
820 2868 848 2891 et
868 2873 920 2891 son
941 2865 987 2891 fils
1008 2859 1149 2899 Gregoire
1167 2865 1202 2891 de

201 2912 389 2938 Vulmoutuue
406 2912 506 2938 cedent
522 2921 558 2938 au
574 2913 714 2938 cambi-ier
731 2912 842 2944 Benoit,
860 2916 1059 2947 representant
1075 2914 1113 2939 du
1129 2922 1202 2948 pape

199 2960 339 2993 GrQoire
360 2960 419 2990 IX,
444 2965 509 2986 tous
533 2962 609 2986 leurs
631 2960 723 2987 droits
744 2963 759 2986 ὲ
783 2961 907 2991 Paliano,
928 2969 998 2995 pout·
1020 2970 1074 2987 une
1091 2970 1202 2988 somme

198 3006 233 3032 de
248 3006 299 3033 ²240
317 3007 411 3032 kivres.

733 350 784 380 LE
808 350 953 379 LIBER
975 347 1211 378 CENSUUM
1234 346 1289 376 DE
1311 338 1499 376 L’EGLISE
1522 345 1732 376 ROMAINE.

1315 413 1459 441 sessiones
1471 417 1497 441 et
1510 413 1586 441 bona
1603 412 1773 441 immobilia
1790 417 1875 441 eastra
1892 412 2095 441 munitionem
2113 413 2207 441 castri
2217 422 2284 450 pre·

1316 466 1390 494 dicti
1403 466 1514 503 posita,
1531 470 1558 494 et
1571 465 1707 494 redditus
1723 465 1925 494 vassallorum
1944 470 2128 501 nostrorum,
2147 474 2220 502 quos
2233 465 2284 503 [et]

1317 528 1372 556 que
1387 520 1480 556 hujus
1501 519 1701 547 alienationis
1721 523 1851 556 tempore
1872 519 1904 546 in
1927 523 2026 547 castro
2041 519 2206 547 habuimus
2221 527 2284 547 me-

1316 577 1442 607 morato,
1460 573 1491 601 in
1507 572 1632 608 feudum
1648 580 1666 600 a
1678 572 1811 600 Romana
1825 572 1948 600 ecclesia
1963 571 1997 600 de
2010 576 2104 600 cetero
2117 576 2282 607 teneamus,

1317 630 1343 654 et
1360 625 1468 654 atinde
1486 625 1581 662 ipsius
1599 625 1719 653 domini
1733 634 1810 662 pape
1828 630 1853 653 et
1873 625 2001 653 Romane
2019 625 2137 653 ecclesie
2159 624 2286 653 vassalli

1316 679 1373 707 sim
1380 687 1414 707 us
1422 683 1566 716 perpetuo
1577 682 1602 706 et
1614 678 1725 714 fideles,
1736 683 1762 706 et
1774 679 1816 706 eis
1824 682 1948 715 propter
1958 678 2010 706 hoc
2023 677 2196 714 specialiter
2204 685 2285 714 pres-

1318 736 1414 760 temus
1423 731 1600 768 homagium
1608 732 1776 768 personale.
1790 731 1847 759 Pro
1854 731 1910 759 hac
1919 735 2019 759 autem
2033 730 2204 759 venditione
2213 730 2285 759 alie-

1316 785 1442 813 natione
1457 789 1482 812 et
1500 783 1664 813 traditione
1680 784 1860 820 confitemur
1877 792 1929 812 nos
1947 784 2086 820 recepisse
2104 787 2130 811 et
2146 783 2286 811 habuisse

1318 846 1335 866 a
1357 842 1382 866 te
1399 837 1533 874 predicto
1553 837 1675 865 domino
1695 837 1853 865 Benedicto
1871 836 1989 865 domini
2008 845 2084 874 pape
2101 836 2282 872 camerario,

1319 891 1441 919 nomine
1452 891 1550 927 ipsius
1563 890 1682 918 domini
1696 898 1772 927 pape
1787 894 1812 918 et
1828 890 1944 918 ecclesie
1957 890 2088 918 Romane
2099 889 2230 918 solvente
2244 888 2287 918 CC

1318 948 1345 972 et
1363 944 1405 972 XL
1423 944 1516 972 libras
1538 944 1683 971 bonorum
1703 943 1952 980 proveniensium
1972 946 2106 976 senatus,
2124 942 2157 971 de
2177 942 2288 979 quibus

1318 1005 1372 1025 nos
1385 997 1454 1025 bene
1470 997 1586 1033 quietos
1604 1004 1755 1029 coeamus,
1773 995 1940 1032 exceptioni
1951 1003 2010 1023 non
2028 999 2188 1023 numerate
2200 1003 2288 1032 pecu-

1319 1050 1369 1078 nie
1385 1049 1605 1078 renuntiando.
1627 1049 1661 1077 Et
1681 1049 1708 1076 si
1723 1048 1859 1086 predicta
1876 1048 1951 1076 bona
1966 1047 2036 1084 plus
2054 1048 2173 1082 valent,
2191 1051 2288 1076 totum

1319 1111 1338 1131 a
1352 1102 1488 1139 presenti
1509 1102 1603 1130 eidem
1627 1101 1750 1129 domino
1767 1109 1844 1138 pape
1864 1105 1890 1129 et
1910 1101 2040 1129 Romane
2059 1101 2176 1129 ecclesie
2191 1100 2288 1129 dona-

1320 1164 1399 1189 mm,
1414 1160 1440 1184 et
1456 1155 1647 1184 concedimus
1661 1155 1751 1183 libere
1769 1154 1798 1182 in
1814 1158 2007 1191 perpetuum.
2025 1153 2083 1182 Pro
2098 1153 2208 1190 quibus
2222 1161 2288 1182 om-

1319 1209 1409 1237 nibus
1423 1207 1557 1244 firmiter
1572 1207 1768 1236 observandis
1786 1207 1891 1235 omnia
1906 1207 1982 1235 bona
1999 1210 2103 1235 nostra
2119 1206 2247 1235 mobilia
2262 1209 2289 1235 et

1318 1261 1490 1290 immobilia
1507 1261 1599 1289 eidem
1618 1261 1741 1289 domino
1752 1269 1828 1297 pape
1843 1260 1965 1296 suisque
1979 1259 2199 1288 successoribus
2213 1259 2290 1288 obli-

1319 1323 1439 1352 9amus,
1460 1319 1486 1343 et
1502 1315 1601 1343 eadem
1622 1314 1657 1342 ab
1673 1314 1714 1341 eis
1734 1318 1759 1342 et
1775 1322 1877 1342 eorum
1894 1313 2017 1341 nomine
2034 1321 2086 1341 nos
2096 1317 2220 1350 propter
2235 1312 2288 1341 hoc

1319 1368 1492 1404 specialiter
1513 1366 1732 1395 constituimus
1751 1366 1913 1403 possidere.
1931 1365 2147 1394 Renuntiando
2172 1366 2205 1394 in
2226 1365 2290 1394 hiis

1320 1420 1462 1448 omnibus
1477 1420 1659 1456 omnijuris
1682 1419 1802 1447 auoeilio
1822 1419 1964 1447 canonici
1981 1423 2007 1446 et
2023 1418 2143 1453 civilis,
2164 1425 2289 1447 consue-

1321 1472 1425 1500 tudini
1444 1476 1470 1500 et
1486 1476 1613 1505 statuto,
1633 1476 1660 1500 et
1676 1472 1761 1500 omni
1781 1472 1896 1499 actioni
1916 1471 2084 1508 exceptioni
2100 1479 2156 1507 que
2170 1474 2290 1508 possent

1320 1525 1396 1553 obici
1411 1529 1516 1553 contra
1534 1525 1774 1553 instrumentum
1793 1524 1837 1553 vel
1851 1525 1977 1559 saelum.
1995 1524 2081 1552 Hanc
2096 1529 2197 1552 autem
2215 1532 2290 1553 ven-

1320 1578 1466 1606 ditionem
1490 1582 1516 1605 et
1540 1577 1736 1606 traditionem
1758 1581 1784 1605 et
1804 1577 1909 1605 omnia
1928 1577 2105 1614 supradicta
2126 1586 2182 1614 pro
2204 1577 2290 1606 nobis

1321 1634 1346 1658 et
1363 1630 1520 1658 heredibus
1531 1634 1556 1658 et
1571 1629 1790 1658 successoribus
1800 1630 1914 1658 nostris
1926 1630 2139 1667 promittimus
2147 1634 2290 1668 perpetuo

1320 1683 1454 1719 firmiter
1467 1684 1648 1720 juramento
1668 1683 1792 1720 prestito
1809 1683 1975 1718 observare,
1995 1687 2022 1711 et
2041 1683 2126 1711 nullo
2142 1682 2229 1711 modo
2243 1683 2290 1712 vel

1321 1737 1446 1772 inyenio
1461 1741 1566 1764 eontra
1590 1736 1705 1770 venire,
1728 1735 1778 1764 sed
1797 1737 1824 1764 si
1844 1744 1918 1772 opus
1935 1741 1960 1764 et
1978 1744 2090 1765 necesse
2103 1737 2198 1772 fuerit
2215 1736 2290 1774 legi-

1323 1789 1395 1817 time
1413 1788 1568 1824 defendere
1582 1789 1617 1817 ab
1631 1790 1716 1817 omni
1727 1798 1868 1826 persona.
1890 1789 1972 1822 Quod
1992 1789 2019 1817 si
2031 1789 2167 1826 predicta
2184 1789 2290 1818 omnia

1322 1846 1354 1869 ut
1371 1841 1486 1870 dictum
1503 1846 1544 1870 est
1564 1850 1582 1870 a
1603 1842 1685 1870 nobis
1708 1850 1766 1870 non
1790 1842 1909 1877 fuerint
1924 1842 2079 1870 observata
2097 1841 2144 1870 vel
2159 1841 2289 1878 quolibet

1322 1894 1410 1923 modo
1437 1895 1609 1923 venerimus
1632 1899 1737 1923 eontra
1754 1895 1920 1931 premissa,
1940 1894 2108 1931 predictam
2124 1894 2289 1931 pecuniam

1322 1948 1447 1976 nomine
1469 1956 1543 1985 pene
1565 1947 1689 1984 duplam
1714 1947 1844 1976 Romane
1864 1947 1982 1975 ecclesie
2006 1955 2059 1976 nos
2077 1947 2290 1984 promittimus

1322 2001 1488 2035 soluturos,
1508 2005 1532 2028 et
1552 2008 1631 2037 pena
1652 2000 1750 2028 soluta
1769 2004 1943 2028 contractas
1960 1999 2138 2036 hujusmodi
2156 1999 2290 2028 nichilo-

1322 2053 1428 2081 minus
1457 2053 1486 2080 in
1512 2061 1567 2080 sua
1590 2057 1768 2089 permaneat
1791 2052 1950 2088 firmitate.
1973 2053 2079 2080 Actum
2101 2051 2291 2088 presentibus

1324 2107 1445 2134 testibus
1460 2106 1499 2134 ad
1515 2107 1567 2134 hoc
1583 2106 1756 2143 specialiter
1769 2106 1895 2142 rogatis,
1912 2105 2025 2135 scilicet
2042 2116 2051 2133 .-

1362 2158 1485 2186 domino
1503 2158 1655 2195 Stephano
1673 2158 1792 2186 domini
1804 2166 1881 2195 pape
1900 2158 2066 2194 capellano,
2087 2162 2155 2186 teste
2166 2168 2176 2192 ,-

1363 2211 1510 2247 mayistro
1527 2211 1663 2239 Oderisio
1678 2211 1785 2239 clerico
1802 2210 1920 2239 domini
1933 2219 2019 2247 pape,
2041 2214 2128 2245 teste,-

1363 2264 1458 2296 sratre
1475 2264 1654 2292 Ambrosino
1668 2264 1859 2298 marescalco,
1879 2268 1964 2298 teste,-

1362 2315 1506 2344 Lodovico
1522 2324 1643 2344 cursore
1660 2315 1778 2344 domini
1791 2325 1879 2353 pape,
1898 2320 1985 2351 teste;

1364 2368 1581 2403 Bai-tholomeo,
1604 2368 1709 2397 Vitiolo
1724 2373 1750 2396 et
1765 2368 1912 2403 Aczardo,
1932 2369 2064 2397 testibus.

1363 2421 1398 2449 Et
1407 2429 1456 2457 e90
1467 2421 2165 2458 RiecardasimperialisaalescrIniariushanc
2172 2425 2291 2450 cartam

1322 2475 1485 2511 utriusque
1498 2475 1599 2512 partis
1614 2482 1759 2503 consensu
1775 2475 1921 2511 complevi
1937 2479 2070 2511 royatus.

1283 2631 1477 2662 CCXXXX.
1499 2647 1538 2653 —
1557 2631 1707 2661 CARTULA
1725 2640 1927 2662 νεΝῡιΤιοΝιε
1949 2632 2130 2662 BLANCARnl
2151 2641 2191 2662 ΒΤ
2211 2632 2291 2662 th-

1324 2693 1416 2716 noxus
1434 2695 1472 2715 na
1489 2685 1629 2715 ΡΑωΑΝο
1646 2693 1702 2714 PBO
1718 2694 1752 2714 ss
1769 2694 1808 2714 ET
1824 2685 1932 2714 Mnus
1948 2693 2069 2715 sononss
2085 2693 2193 2715 Bonum
2205 2688 2227 2716 ¹.

1362 2792 1397 2819 In
1415 2791 1539 2819 nomine
1555 2791 1695 2825 Domini,
1713 2799 1814 2819 amen.
1831 2791 1918 2820 Anno
1933 2791 2161 2820 incarnationis
2177 2791 2292 2821 Christi

1322 2962 1346 2988 1.
1366 2963 1396 2988 15
1414 2963 1469 2988 mai
1492 2962 1572 2989 1233.
1591 2975 1628 2982 -—
1647 2961 1787 2988 Blancard
1808 2966 1836 2987 et
1858 2961 1924 2996 Guy
1945 2961 1980 2987 de
1999 2961 2129 2994 Paliano,
2145 2970 2215 2988 avec
2230 2963 2292 2989 leur

1285 3018 1364 3037 soem·
1381 3011 1478 3041 Mat-ie,
1496 3011 1599 3037 c'edent
1615 3018 1651 3036 au
1668 3009 1806 3036 came'rier
1823 3009 1935 3041 Benoss,
1952 3012 2151 3044 representem
2164 3011 2202 3037 du
2218 3018 2291 3045 pape
