2392 3571
197 326 257 355 438
743 321 792 350 LE
816 320 962 350 LIBER
985 319 1221 350 CENSUUM
1244 319 1299 348 DE
1322 309 1509 349 L'ssGLISE
1532 319 1744 349 ROMAINE.

238 390 365 427 cipandi
378 389 478 423 etiam,
497 388 647 416 decretum
666 386 880 423 interponendi
896 391 922 414 el
940 387 1087 415 alimenta
1105 386 1205 414 decer-

237 442 344 475 nendi,
361 440 507 477 complevi
520 444 546 467 et
559 439 684 467 absolvi.

201 611 416 641 CLXXXIII.
432 626 472 633 —
491 609 642 639 CARTULA
658 617 884 638 REFUTATloNJs
901 618 998 638 mc'm
1014 618 1111 638 sum-:n
1126 617 1204 638 σινι-

240 673 322 693 TATE
345 663 549 692 CASTELLANA
570 672 588 691 A
612 660 813 691 Coxsmxwm
837 670 875 690 m·
896 660 1016 690 S131L1A
1036 669 1205 691 sonomnus

241 725 281 745 ET
309 716 462 744 JAClNCTo
495 715 592 743 Pmm
623 714 889 743 Dx-:usvossmvm
914 722 954 742 ET
981 713 1138 743 NchoLM
1166 723 1205 743 ET

240 768 415 797 OCTOVIANl
431 776 612 800 Fanum-us,
628 775 720 795 mnus
732 775 880 799 QUONDAM
897 767 1092 796 AsnnssoTTs
1109 775 1205 795 SUPER

238 829 340 850 Eoum
355 821 375 849 ¹.

279 926 313 954 In
334 926 455 953 nomine
470 925 603 953 Domini.
622 925 873 953 Annodominice
893 925 1118 953 incarnationiS
1134 925 1208 952 mit-

240 979 342 1006 lesimo
357 979 517 1006 centesimo
534 978 729 1014 nonagesimo
741 986 768 1006 v.
787 982 811 1005 et
824 986 904 1005 rinno
921 982 1030 1013 quarto
1043 977 1207 1013 pontifica-

239 1035 287 1059 tus
310 1031 428 1059 domini
451 1030 592 1059 Celcstini
608 1030 655 1058 III
667 1039 755 1067 pape,
781 1030 946 1057 indictione
961 1038 1027 1063 xm,
1051 1038 1148 1057 mense
1163 1031 1207 1065 fe-

240 1084 376 1116 bruario,
391 1083 558 1119 dieprima.
568 1083 625 1111 Nos
634 1082 754 1119 quidem
767 1083 953 1116 Constantia,
966 1082 1205 1118 *uun-‹suonctanz

238 1136 414 1170 Andrcotte,
435 1140 459 1163 et
478 1136 606 1169 Sibilia,
634 1144 710 1163 umor
726 1135 854 1163 lacincti
874 1135 955 1162 I'etri
972 1135 1206 1169 ltcusrossaleet,

238 1197 382 1225 yermane
397 1197 520 1219 sorores,
543 1188 605 1223 filie
622 1188 773 1224 quondam
791 1188 906 1215 Andree
923 1188 955 1215 de
968 1187 1123 1222 Baltloino,
1143 1197 1207 1216 nec-

239 1249 301 1269 non
327 1246 352 1268 et
376 1250 427 1269 nos
449 1241 666 1277 principaliter
689 1241 841 1268 Iacittetus
866 1240 947 1267 Petri
970 1241 1203 1275 Jteusvossalret,

240 1298 330 1329 alque
345 1294 487 1321 Nicolaus
503 1298 527 1321 et
546 1293 684 1321 Ocloln’an
693 1302 724 1320 us
739 1294 859 1328 fratres.
878 1292 938 1328 filii
961 1292 1075 1320 dtulum
1092 1295 1208 1330 prefate

239 1347 418 1377 Andreolte:
435 1355 536 1374 omnes
551 1347 645 1374 simul
660 1355 716 1382 pro
730 1346 869 1382 portione
885 1346 1052 1382 unicuique
1068 1351 1208 1375 nostrum

240 1404 432 1436 competente,
452 1404 520 1427 ante
540 1399 722 1435 presentiam
746 1399 939 1426 dominorum
957 1399 1100 1435 judicum
1122 1400 1208 1428 Sais-

239 1453 322 1481 sonis
344 1452 542 1488 primiclzerii
564 1457 588 1479 et
609 1451 760 1479 Jolzannis
779 1452 932 1479 Saissonis
954 1452 1095 1480 archarii
1119 1457 1208 1489 atque

240 1505 333 1539 I’elri,
351 1505 450 1534 I'auli,
465 1504 554 1531 Itzawt
571 1504 745 1532 dativorum
756 1515 765 1539 ‚·
782 1508 807 1532 et
821 1504 851 1532 in
864 1505 1017 1540 presentia
1035 1505 1139 1533 domni
1154 1506 1208 1533 Pe-

240 1558 282 1586 tri
298 1557 332 1585 dc
347 1557 452 1585 ,Iudice
465 1556 614 1584 causidici
629 1561 655 1584 et
670 1556 909 1593 subscriptorum
930 1558 1062 1590 testium,
1078 1559 1207 1595 propria

240 1615 344 1638 nostra
364 1610 517 1637 voluntate
540 1610 759 1637 renuntiamus
781 1613 805 1636 et
829 1610 1013 1646 (feneratiter
1036 1611 1208 1645 refutamus

241 1663 324 1691 vobis
341 1663 463 1690 domino
486 1662 571 1690 Petro
593 1662 762 1690 Sarraccno
781 1661 900 1690 domini
922 1671 997 1699 pape
1021 1664 1205 1699 senescalco,

242 1715 387 1743 mandato
402 1719 426 1742 et
441 1715 637 1751 procuratori
650 1714 780 1751 predicti
793 1715 912 1742 domini
925 1724 1001 1752 pape
1016 1716 1156 1745 Felestini
1169 1717 1209 1745 ad

242 1769 297 1797 lzoc
323 1767 491 1805 spetialiter
512 1775 615 1795 corani
639 1767 729 1795 dietis
751 1768 941 1804 sapientibus
966 1770 1143 1803 constituto,
1169 1769 1209 1798 ad

240 1830 316 1859 opus
327 1826 351 1849 et
370 1821 533 1848 utilitatem
554 1821 649 1857 ipsius
664 1820 783 1848 domini
795 1830 871 1858 pape
887 1826 912 1849 et
926 1830 1127 1850 successorum
1145 1824 1208 1858 ejus

240 1883 276 1903 ac
293 1874 386 1902 tocius
402 1874 518 1901 ecclesie
534 1874 664 1901 Romane
678 1878 820 1910 perpetuo
835 1875 930 1902 :idest
946 1884 1063 1903 omnem
1083 1876 1164 1904 litem
1183 1881 1209 1904 et

238 1927 428 1964 petitionem,
442 1935 500 1962 qua
508 1935 532 1953 m
553 1927 610 1963 ipsi
625 1926 746 1954 domino
758 1935 834 1964 pape
851 1932 876 1955 et
888 1928 1018 1955 lwnzune
1034 1929 1150 1957 ecclesie
1165 1930 1209 1964 fc-

241 1980 538 2016 ciinus,peti1,¹1'mus,
556 1985 653 2016 petere
665 1980 710 2008 vel
725 1981 823 2015 facere
835 1982 1001 2017 potuimus,
1023 1982 1161 2010 videlicet
1177 1982 1210 2010 de

241 2033 390 2061 unii-ersa
406 2033 544 2068 porcione
558 2032 711 2068 quondam
726 2033 809 2061 Petri
827 2033 860 2060 de
876 2034 991 2070 Aleyia,
1007 2034 1120 2062 scilicet
1138 2035 1209 2062 illa-

240 2094 314 2113 rum
331 2085 414 2113 mille
432 2094 610 2113 marcarum
627 2087 756 2121 argenti,
774 2094 850 2122 quas
863 2087 889 2114 ei
904 2091 929 2114 et
942 2087 1007 2115 suis
1023 2088 1210 2116 consortibus

241 2139 314 2166 olim
328 2138 470 2166 dominus
485 2147 563 2174 papa
578 2138 737 2166 Adrianus
750 2144 880 2175 quartus
892 2139 993 2168 debuit
1006 2149 1014 2175 ,·
1030 2149 1087 2177 pro
1101 2142 1210 2178 quibus

240 2191 284 2219 eis
304 2191 458 2219 civitatem
478 2191 679 2219 Castellanam
704 2196 729 2219 et
748 2192 928 2220 universum
951 2194 1128 2222 comitatum
1147 2195 1210 2231 ejus

243 2251 278 2271 ae
289 2244 415 2271 Moutcm
429 2244 530 2271 Altum
549 2243 693 2281 obliyavit
710 2245 966 2281 etjurepigynoris
978 2246 1119 2281 tradidit,
1132 2247 1211 2276 sicut

239 2304 294 2333 per
315 2296 515 2332 privileyium
545 2296 642 2332 ipsius
667 2296 788 2324 domini
813 2306 889 2333 papc
912 2297 1045 2326 Adriani
1071 2303 1205 2335 apparet,

242 2349 332 2385 quod,
351 2353 499 2385 quantum
520 2349 559 2377 ad
577 2349 746 2385 portionem
769 2350 868 2386 ‘ipsius
888 2350 962 2378 olimv
980 2351 1063 2379 Petri
1079 2351 1112 2379 de
1128 2352 1210 2380 Atte-

241 2401 292 2438 92'0
308 2401 450 2437 pertinet,
470 2401 561 2429 inane
574 2401 695 2430 desistat
707 2406 872 2430 etvacuum
888 2407 913 2430 et
930 2403 1048 2432 nullius
1064 2405 1211 2433 momenti

239 2454 365 2490 penitus
381 2454 537 2482 habeatur.
557 2455 724 2491 Queportio
738 2455 822 2484 nobis
833 2457 972 2492 competit
989 2457 1034 2485 vel
1049 2462 1211 2494 competere

241 2506 365 2535 videtur
381 2511 440 2534 tam
463 2515 497 2534 ω’
519 2508 700 2536 successione
720 2508 851 2544 predicti
866 2509 982 2537 Andree
998 2509 1032 2537 de
1049 2510 1206 2546 Baldoino,

242 2567 336 2595 quam
366 2567 401 2587 αι’
426 2560 611 2588 concessione
638 2565 664 2588 et
690 2561 835 2588 mandato
862 2561 941 2589 mihi
961 2562 1134 2598 specialiter
1157 2563 1210 2592 Ja-

245 2612 353 2647 quinto
364 2621 420 2649 pro
435 2612 589 2640 medietate
604 2613 692 2648 facto,
711 2618 736 2641 et
755 2614 834 2641 milti
851 2614 1028 2643 Constaneie
1040 2623 1097 2651 pro
1113 2616 1211 2644 altera

240 2774 266 2799 1.
282 2774 320 2799 μ’
336 2774 438 2800 tex-rior
456 2775 533 2802 1195.
546 2789 580 2796 -
592 2775 741 2807 Mun-uteri,
754 2781 774 2802 t.
792 2776 814 2808 Ι,
833 2786 859 2811 1¹-
879 2778 941 2805 143.
954 2792 991 2798 —
1008 2777 1060 2804 Les
1077 2779 1211 2806 berniers

203 2821 240 2848 de
259 2821 284 2847 la
306 2824 424 2848 creance
447 2823 481 2849 de
504 2823 599 2850 pierre
619 2824 655 2850 de
674 2825 771 2850 Atteia
792 2833 843 2851 sur
865 2826 890 2851 le
911 2826 1113 2861 Saint-Siege,
1139 2836 1212 2862 pour

203 2869 325 2903 laquelle
343 2871 513 2901 (oi-dessus,
531 2877 561 2897 n⁰
576 2871 737 2904 CLXVIII)
757 2873 782 2898 Ie
800 2882 870 2908 pape
887 2874 995 2901 Adrion
1014 2875 1053 2901 lV
1068 2876 1144 2902 avait
1159 2884 1211 2902 en-

205 2920 280 2952 gage'
298 2917 389 2944 civita
412 2918 570 2945 castellana
591 2923 618 2946 et
636 2919 791 2951 Montano,
817 2930 850 2947 cn
872 2922 999 2949 donnent.
1015 2923 1158 2959 decharge
1175 2933 1210 2952 au

205 2967 346 2993 camerier
361 2966 496 2993 Cencius.

1329 386 1500 419 medietate,
1519 385 1656 414 videlicet
1672 395 1689 413 a
1706 386 1797 414 Κίον-α
1814 394 1906 414 uxore
1923 386 2003 414 Petri
2015 386 2166 420 Latronis,
2183 390 2209 414 et
2226 386 2292 422 filia

1328 438 1480 475 quondam
1506 438 1657 475 Farulplii
1681 438 1714 466 de
1738 438 1930 472 Jlonasterio,
1952 438 2032 466 sicut
2049 447 2104 475 per
2123 438 2290 475 publicum,

1328 490 1407 527 quod
1433 491 1515 519 vobis
1542 490 1712 525 tradimus,
1742 491 1981 518 instrumentum
2010 495 2157 527 apparet,·
2185 495 2210 518 et
2234 490 2295 527 ipsi

1327 551 1443 579 quoque
1461 542 1585 571 domino
1606 542 1721 570 Andrec
1743 542 1776 570 de
1796 542 1941 570 Baldoino
1959 542 2112 579 pertinuit
2129 550 2164 570 ex
2180 550 2295 570 succes-

1327 596 1410 623 sione
1435 595 1506 623 olim
1534 595 1627 623 Marie
1650 594 1713 631 filie
1737 603 1799 628 sue,
1824 603 1916 631 quam
1947 603 1982 622 cat
2008 594 2134 622 domina
2156 594 2294 622 Albascia

1328 656 1422 675 uxore
1444 656 1500 675 sua
1519 652 1545 675 et
1570 648 1638 683 filiu
1657 648 1771 684 prefati
1794 647 1912 675 domini
1931 647 2012 675 Petri
2033 646 2066 674 de
2087 647 2202 683 ,4tte9io
2222 655 2295 683 pro-

1329 705 1499 735 creaverat,
1519 701 1597 728 sieut
1613 709 1666 737 per
1684 705 1893 729 testamentum
1918 701 2013 737 ipsius
2026 700 2147 728 domine
2163 699 2297 728 Albascie

1328 758 1462 789 apparet,
1482 753 1559 789 quod
1575 754 1654 781 cobis
1666 754 1784 790 puriter
1795 761 1850 789 pro
1867 753 1930 789 ipso
1943 753 2066 781 domino
2079 761 2160 789 papa
2174 752 2293 780 damus.

1331 804 1544 841 Quodcumque
1562 805 1663 841 itaque
1673 806 1727 842 jus
1747 810 1772 834 et
1791 814 2014 841 quamcumque
2031 805 2177 833 actionem
2193 813 2297 841 perso-

1330 858 1429 885 nalem
1447 862 1473 886 et
1492 858 1522 885 in
1542 867 1601 885 rem
1623 859 1686 886 sive
1701 859 1941 895 ypothecariam,
1963 862 2023 885 tam
2041 858 2131 886 etiam
2149 857 2188 885 ad
2203 865 2296 894 aslen-

1329 909 1401 937 dum
1420 919 1510 946 quam
1529 910 1758 947 effeipiendum,
1777 910 1854 946 quod
1871 918 2000 946 quamve
2015 910 2161 938 adversus
2178 910 2296 938 dictum

1329 961 1487 989 dominum
1510 970 1622 998 papam
1647 966 1672 989 et
1697 962 1872 989 universam
1891 962 2044 990 ecclesiam
2063 962 2245 997 Romanam,
2271 966 2297 990 et

1328 1014 1497 1050 spetialiter
1517 1014 1546 1041 in
1572 1014 1713 1041 omnibus
1730 1013 1877 1050 predictis
1893 1015 1978 1042 rebus
1999 1019 2088 1051 atquc
2103 1014 2295 1051 pignoribus,

1329 1067 1446 1096 scilicet
1457 1067 1593 1094 mititatis
1608 1067 1774 1095 Castellane
1792 1067 1875 1095 intus
1890 1071 1916 1095 et
1932 1066 2058 1102 deforis,
2083 1075 2117 1095 ac
2139 1067 2234 1095 tocius
2249 1075 2298 1095 co·-

1331 1128 1357 1146 m
1366 1120 1458 1147 italus
1474 1120 1538 1155 ejus
1554 1124 1580 1147 et
1598 1120 1704 1147 Montis
1721 1120 1794 1153 Alli,
1812 1124 1836 1147 ct
1850 1120 2034 1155 aenei-aliter
2051 1120 2082 1147 in
2097 1120 2182 1147 omni
2195 1119 2299 1156 patri·
2319 1114 2325 1118 ’

1330 1174 1433 1201 monio
1449 1173 1579 1201 Romane
1598 1173 1728 1207 ecclesie,
1750 1177 1777 1201 ct
1794 1172 1940 1201 adversus
1962 1174 2056 1201 aliam
2076 1181 2299 1209 quamcumque

1327 1234 1488 1262 personam
1510 1226 1616 1254 habere
1633 1234 1795 1262 possemus,
1815 1227 1889 1262 jure
1914 1227 1957 1254 cel
1980 1226 2143 1259 occasione,
2162 1234 2213 1253 seu
2236 1234 2299 1254 res-

1328 1284 1412 1316 pectu
1432 1279 1522 1307 totius
1537 1279 1691 1315 porcionis
1706 1279 1914 1314 predictarum
1942 1277 2023 1306 mille
2047 1288 2221 1307 marcarum
2244 1287 2298 1307 ar-

1318 1332 1413 1368 .9enti
1432 1332 1489 1368 ipsi
1512 1331 1583 1359 olim
1607 1331 1730 1359 domino
1754 1332 1839 1359 Petro
1858 1331 1892 1359 de
1911 1332 2026 1368 Atteyio
2045 1332 2252 1368 competentis,
2272 1336 2299 1360 el

1329 1385 1509 1420 fructuum,
1528 1392 1717 1417 usurarum,
1738 1385 1781 1412 ccl
1797 1385 1998 1412 accessionum
2017 1392 2121 1411 carum
2136 1406 2142 1415 ,
2163 1393 2252 1421 pene,
2273 1388 2299 1413 et

1330 1437 1430 1465 omnis
1448 1445 1556 1471 cause;
1580 1437 1668 1471 cobis,
1692 1442 1722 1464 ut
1739 1437 1854 1465 [lictum
1873 1441 1922 1471 est,
1939 1437 2155 1473 procuratorio
2177 1438 2300 1466 nomine

1328 1499 1384 1527 pro
1410 1490 1471 1526 ipso
1496 1490 1618 1518 domino
1639 1499 1717 1527 papa
1741 1494 1765 1517 ct
1790 1490 1854 1517 suis
1879 1490 2096 1517 successoribus
2117 1490 2300 1526 (seneraliter

1330 1543 1519 1577 refutamus,
1545 1543 1678 1570 cedimus
1694 1547 1718 1570 ct
1740 1542 1938 1577 mandamus,
1964 1542 2007 1570 ita
2029 1547 2062 1570 ut
2083 1542 2230 1579 quie-quid
2249 1551 2300 1572 nos

1332 1604 1424 1632 usque
1449 1595 1547 1630 modo,
1572 1596 1671 1632 quoad
1685 1595 1896 1632 possessionem
1920 1599 1945 1623 et
1963 1596 2179 1631 proprietatem
2198 1599 2300 1623 nostro

1324 1649 1397 1684 jure
1425 1653 1449 1676 et
1479 1649 1601 1676 nomine
1629 1653 1760 1685 respectu
1788 1649 1925 1676 (tinniunt
1954 1647 2165 1684 predictarum
2194 1656 2299 1676 rerunt

1331 1701 1477 1729 adversus
1497 1709 1721 1737 quamcumque
1739 1709 1898 1737 personam
1918 1709 2005 1737 affere
2022 1701 2067 1729 ¹cel
2082 1701 2217 1737 accipere
2230 1708 2300 1737 pos-

1331 1762 1445 1788 semus,
1474 1754 1533 1790 ipse
1556 1753 1662 1781 innodo
1681 1753 1823 1781 dontinus
1839 1761 1917 1790 papa
1934 1758 1959 1781 et
1975 1761 2154 1781 successores
2171 1753 2234 1789 ejus
2248 1760 2302 1781 suo

1325 1807 1398 1843 jure
1414 1811 1439 1834 et
1458 1807 1580 1834 nomine
1597 1811 1689 1843 ayant
1705 1811 1731 1834 et
1750 1807 1923 1843 arcipiam,-
1947 1811 1971 1834 et
1995 1811 2028 1834 ut
2051 1807 2126 1834 utili
2142 1806 2259 1843 possint
2275 1810 2301 1834 et

1332 1859 1446 1887 directa
1464 1860 1581 1887 (tctione
1599 1859 1762 1894 intendere,
1782 1868 1830 1887 ros
1846 1859 1876 1886 in
1895 1868 1925 1887 re
1938 1859 2076 1895 predicta
2093 1859 2212 1887 (lamini
2227 1867 2302 1895 pape

1330 1917 1559 1949 procuratorem
1578 1912 1805 1940 constituimus.

1372 1965 1456 1993 Hanc
1472 1970 1571 1992 autem
1591 1965 1818 1999 refutationem,
1837 1965 2053 1993 concessionem
2067 1969 2092 1993 et
2104 1964 2299 1998 mandatum,

1332 2019 1425 2052 vobis,
1444 2023 1476 2046 ut
1494 2018 1607 2045 dictum
1627 2022 1678 2051 est,
1696 2027 1749 2054 pro
1768 2018 1829 2055 ipso
1845 2017 1968 2046 domino
1988 2025 2068 2054 papa
2086 2018 2227 2053 facimuS,
2245 2012 2302 2054 pro

1331 2072 1492 2108 seoeayinta
1507 2071 1624 2099 duabus
1638 2071 1743 2099 march
1751 2071 1775 2099 is
1791 2071 1913 2107 aryenti
1929 2075 1954 2098 et
1968 2070 2113 2105 dimidia,
2131 2078 2206 2106 quas
2218 2069 2317 2098 nobis

1332 2125 1474 2153 omnibus
1501 2132 1556 2160 pro
1584 2123 1724 2160 porcione
1748 2123 1917 2160 unicuique
1943 2127 2079 2151 nostrum
2108 2127 2298 2159 competente,

1331 2186 1386 2214 pro
1403 2177 1481 2206 dioto
1498 2176 1621 2205 domino
1638 2185 1719 2213 papa
1736 2181 1761 2204 et
1777 2185 1812 2204 επ
1827 2185 1882 2204 sua
1904 2176 2048 2213 pecunia,
2065 2180 2100 2204 ut
2115 2175 2230 2204 dietum
2248 2179 2298 2210 est,

1330 2230 1546 2267 procuratorio
1569 2230 1690 2257 nomine
1711 2229 1792 2257 datis
1815 2233 1904 2265 atque
1923 2229 2109 2266 persolvitis.
2133 2229 2171 2257 De
2193 2228 2304 2265 quibus

1333 2284 1481 2317 omnibus,
1505 2287 1529 2310 et
1546 2282 1579 2310 de
1597 2283 1682 2310 omni
1699 2286 1809 2315 nostro,
1830 2286 1982 2318 quantum
1997 2280 2037 2309 ad
2054 2281 2165 2309 dictam
2179 2280 2303 2317 porcio-

1332 2344 1398 2363 nem
1413 2335 1494 2363 Petri
1508 2335 1541 2363 de
1554 2335 1671 2371 Atteyia
1682 2335 1824 2371 pertinet,
1840 2334 2051 2370 predictarum
2065 2333 2149 2361 mille
2164 2333 2302 2361 marcha-

1331 2397 1401 2416 rum
1420 2388 1552 2424 argenti,
1572 2395 1623 2415 nos
1641 2387 1710 2415 bene
1726 2387 1841 2423 quietos
1856 2391 1881 2415 et
1895 2387 2012 2423 quietas
2028 2394 2181 2420 vocamus,
2200 2390 2226 2413 et
2239 2393 2302 2414 non

1333 2441 1431 2469 soluta
1451 2440 1583 2477 pecunia
1606 2440 1649 2468 oei
1665 2440 1787 2476 arqenti
1807 2439 1990 2476 caceptione,
2017 2443 2043 2467 et
2063 2447 2180 2467 omnem
2203 2438 2302 2466 aliam

1333 2495 1547 2530 exceptionem,
1561 2493 1586 2521 si
1601 2493 1669 2529 quis
1685 2497 1790 2521 contra
1805 2493 1961 2529 prefatum
1975 2491 2133 2520 dominum
2146 2499 2258 2528 papam
2277 2495 2304 2520 et

1334 2548 1501 2576 Romanam
1529 2546 1683 2574 ecclesiam
1709 2545 1748 2574 ad
1771 2545 1972 2582 infrinycnda
1994 2553 2050 2581 que
2073 2544 2154 2573 dicta
2177 2549 2249 2573 sunt
2276 2548 2302 2573 et

1330 2600 1463 2636 inferius
1480 2599 1680 2637 apparebunt,
1699 2598 1733 2626 in
1750 2598 1890 2626 omnibus
1904 2597 2119 2634 uffpossemus,
2132 2597 2304 2634 peromnia

1331 2654 1516 2691 generaliter
1543 2653 1727 2687 refutamus.
1753 2651 1883 2688 Insuper
1908 2650 2122 2687 promittimus
2146 2650 2198 2678 sub
2222 2657 2304 2687 pena

1330 2706 1465 2744 predicte
1489 2714 1606 2733 summe
1631 2705 1752 2741 argenti
1770 2704 1875 2741 duple,
1903 2704 1955 2731 hoc
1972 2709 2111 2731 nostrum
2131 2703 2186 2740 jus
2207 2707 2302 2731 totum

1333 2759 1379 2787 vel
1393 2762 1510 2795 partem
1530 2757 1649 2785 nemini
1667 2757 1852 2791 concessisse,
1871 2756 2025 2792 obligasse,
2047 2763 2101 2784 ‘nec
2116 2755 2208 2784 aliter
2225 2755 2304 2784 alie·-

1334 2819 1431 2839 nasse.
1446 2811 1481 2838 Et
1497 2811 1524 2838 si
1539 2810 1661 2847 aliquid
1677 2810 1711 2838 de
1726 2809 1813 2837 rebus
1831 2813 1857 2837 ct
1876 2808 2114 2845 possessionibus
2131 2808 2209 2836 dicte
2224 2807 2304 2836 civi-

1336 2865 1406 2892 tatis
1423 2855 1591 2893 Castettane
1607 2863 1693 2891 intus
1708 2867 1734 2890 et
1750 2862 1784 2890 de
1796 2862 1882 2897 foris,
1901 2866 1927 2889 et
1942 2865 1999 2889 toto
2015 2861 2163 2889 comitatu
2175 2860 2238 2896 ejus
2248 2868 2305 2897 per

1333 2926 1387 2945 ⁴nos
1404 2921 1458 2945 aut
1477 2925 1532 2953 per
1550 2917 1652 2953 ipsum
1668 2915 1821 2952 quondam
1843 2914 2003 2942 dominum
2023 2913 2147 2942 Petrum
2167 2913 2200 2941 de
2219 2913 2303 2941 Atte-

1333 2970 1397 3007 9ia,
1416 2969 1461 2998 vei
1476 2978 1531 3006 per
1545 2977 1614 2997 suos
1630 2968 1750 2997 heredes
1769 2971 1795 2996 et
1813 2975 1991 2996 successores
2011 2966 2087 2995 mole
2100 2966 2196 3002 fuerit
2211 2965 2307 2994 debiti
