2392 3571
660 361 710 390 LE
734 361 879 391 LIBER
901 360 1135 391 CENSUUM
1160 360 1214 389 DE
1238 349 1424 390 L'EGLISE
1448 360 1656 390 ROMAINE.
2152 361 2213 391 433

145 426 339 464 firmiterque
355 436 417 456 non
433 427 622 456 observarem
638 428 684 456 vel
699 428 726 455 si
740 428 773 456 in
789 427 893 464 aliquo
909 431 1014 455 contra
1026 427 1120 463 hujus

147 481 260 517 payine
284 484 416 508 tenorem
437 480 606 517 aliquando
624 481 728 508 venire
752 484 942 517 temptarem,
968 484 1039 508 tunc
1055 484 1120 516 post

147 537 269 561 reatum
284 533 421 570 perjurii
437 541 502 561 una
521 541 591 562 cum
609 533 681 561 meis
703 532 860 561 heredibus
877 532 932 560 tibi
949 532 1120 569 presbytero

148 584 293 622 Symeoni
315 586 531 622 procuratorio
556 586 681 613 nomine
703 593 760 622 pro
787 585 921 613 Romana
947 584 1069 613 ccclesia
1094 589 1120 612 et

148 638 290 666 omnibus
303 638 413 674 quibus
424 646 480 674 pro
495 638 562 674 ipsa
577 637 700 666 ecclesia
711 645 899 673 quocumque
914 636 998 664 modo
1010 637 1121 673 peticio

150 694 338 726 corripeteret,
349 694 419 718 ante
430 698 517 718 omne
529 689 593 718 litis
606 689 743 724 initium,
761 693 895 725 quatuor
905 689 999 717 libras
1012 689 1122 725 optimi

151 743 226 770 auri
247 742 360 770 solvere
383 743 507 770 nomine
528 750 603 778 pene
624 742 786 778 promitto,
813 745 839 769 et
856 750 935 777 pena
950 741 1049 769 soluta
1069 741 1121 769 hec

151 794 273 822 cartula
297 794 391 830 firma
413 798 438 821 et
461 794 643 831 incorrupta
659 798 848 831 permaneat.
877 795 971 827 Quam
993 793 1121 822 scribere

149 847 330 882 royauimus
345 845 508 874 Fulconem
518 846 657 882 judicem
680 847 711 874 in
726 854 825 874 mense
841 850 866 874 ct
884 846 1053 874 indictione
1068 854 1121 874 su-

149 899 338 935 proscripta.

191 950 215 989 -ξ-
242 951 373 988 Siqnum
406 960 516 980 'nanus
543 951 694 980 dictorum
722 951 889 988 presbyteri
916 951 1068 980 Simeonis
1096 956 1122 980 et

150 1003 273 1032 dominc
289 1003 365 1040 Sosie
383 1004 476 1040 liujus
494 1005 611 1033 cartule
626 1009 816 1041 rogatorum.

192 1055 215 1094 *1-
232 1057 380 1084 Dominus
389 1057 543 1085 ,lohannes
556 1057 638 1085 Petri
655 1057 785 1084 Romane
801 1057 886 1084 curie
901 1057 1122 1091 subdiaconus,-

192 1108 215 1147 1-
233 1110 380 1137 Dominus
394 1110 425 1138 Ii.
442 1109 550 1138 electus
569 1110 705 1138 civitatis
722 1110 907 1143 Castellane,·

193 1161 216 1200 ἢ*
232 1162 388 1198 Presbyter
410 1163 594 1197 Bcnencasa,
616 1161 639 1200 †
654 1163 797 1197 Manium·
815 1162 918 1196 Gutdo,
943 1161 966 1200 ἦ·
981 1163 1124 1199 Maqister

155 1214 274 1251 Ori-iffa,
297 1215 423 1251 majoris
438 1215 555 1243 ecclesie
570 1215 712 1243 canonici
729 1215 806 1243 dicte
821 1215 976 1249 eiritatis;

194 1267 217 1305 -ζ-
242 1267 406 1295 Rninerius
428 1267 510 1295 Petri
534 1267 697 1304 Radulplzi,
725 1266 747 1305 ἦ
771 1268 924 1296 ,lohannes
947 1268 1122 1302 ltlalavolta,

152 1318 178 1358 †
199 1320 352 1348 Jolzannes
378 1319 529 1356 Landulfi,
562 1319 586 1358 †
609 1321 768 1355 Anastasi,
799 1320 965 1349 Castellane
988 1321 1125 1349 civitatis

154 1373 280 1405 milites,
299 1381 400 1400 omnes
419 1373 518 1409 roqati
532 1378 604 1401 sunt
619 1377 712 1401 testes.

195 1425 314 1459 Fulcus,
335 1425 442 1453 divina
459 1427 562 1462 qratia
582 1427 712 1455 Romane
729 1427 814 1455 curie
828 1427 927 1464 judex
942 1432 968 1455 et
985 1428 1126 1456 notarius

154 1479 237 1507 hanc
249 1479 396 1516 papinum
416 1480 540 1516 scripsit
555 1484 580 1507 et
599 1480 737 1508 absolvit.

115 1641 279 1672 CLXXX.
308 1659 345 1663 —
373 1641 523 1672 CAn'rULA
549 1652 779 1673 nsseuTATioms
806 1653 903 1673 mem
930 1655 949 1673 A
979 1645 1125 1675 GumoNE

155 1693 281 1724 SANCTE
300 1695 406 1724 Mami-2
424 1695 669 1725 THANSTYBEmM
686 1705 885 1727 PnEsm'TEno
903 1707 1068 1727 mannum
1086 1708 1125 1728 ET

156 1747 307 1776 JOHANNE
335 1748 489 1777 Gumosis
520 1757 558 1777 DE
586 1749 671 1778 PAPA
698 1759 737 1778 ET
768 1749 896 1786 Pmao,
924 1751 1061 1780 Romuo
1086 1760 1126 1780 ET

157 1799 302 1829 Humano
333 1809 521 1836 FRATIUBUS,
553 1810 626 1830 F1L11
655 1810 804 1835 QuoanM
833 1802 942 1832 Cssxcu
973 1812 1012 1832 ΒΕ
1041 1804 1126 1833 ΡΑΡΑ

154 1861 252 1881 sumzu
269 1861 415 1882 C1V1‘1'ATE
435 1852 641 1883 CASTELLANA
656 1855 678 1882 ¹.

195 1958 230 1986 In
267 1959 388 1987 nomine
424 1960 556 1988 Domini.
595 1961 683 1988 Anno
718 1960 869 1989 dominice
902 1962 1128 1992 incarnationis

154 2010 321 2039 millesimo
342 2012 501 2040 centesimo
526 2013 720 2049 nonagesimo
744 2022 773 2049 v,
798 2023 878 2042 anno
899 2020 1008 2051 quarto
1026 2017 1128 2052 ponti-

152 2062 264 2099 ficatus
280 2063 399 2092 domini
417 2064 557 2093 Celestini
575 2065 624 2093 III
634 2074 723 2102 pape,
745 2066 912 2095 indictione
926 2076 996 2103 xm,
1018 2070 1129 2097 mensis

151 2115 308 2151 februarii
318 2115 365 2144 die
376 2125 432 2145 v11.
446 2117 505 2145 Nos
520 2118 640 2154 quidem
653 2119 806 2147 Joliannes
821 2119 968 2148 Gnidonis
983 2121 1017 2149 de
1031 2121 1127 2159 Papa,

151 2176 211 2205 pro
232 2168 390 2197 medietate
409 2171 616 2207 suprascripte
638 2172 698 2204 rei,
716 2176 742 2200 et
766 2181 818 2200 nos
842 2173 937 2201 Guido
958 2174 1009 2202 Dei
1025 2175 1130 2211 qratia

157 2221 245 2249 tituli
266 2221 374 2250 Sancte
396 2222 492 2250 Marie
517 2223 745 2260 Transtyberim
769 2226 921 2262 presbyter
943 2227 1127 2262 cardinalis,

156 2281 275 2302 necnon
292 2278 317 2302 et
332 2274 450 2309 Petrus,
468 2275 622 2304 Romanus
637 2281 663 2304 et
675 2277 827 2306 Hem-icus
844 2278 989 2308 Germani
1003 2280 1127 2315 fratres,

152 2325 219 2363 filii
235 2326 391 2362 quondam
405 2327 526 2356 domini
542 2329 644 2358 Cencii
659 2329 693 2358 de
707 2330 810 2367 Papa,·
822 2318 875 2359 ‘sed
891 2340 940 2368 eqo
952 2332 1061 2361 Petrus
1072 2342 1129 2371 pro

157 2387 205 2406 me
228 2383 252 2406 et
275 2379 429 2416 nepotibus
450 2381 538 2416 meis,
567 2382 681 2410 scilicet
702 2383 919 2413 Bonaventura
938 2389 964 2413 et
981 2386 1125 2422 Romano,

154 2430 233 2467 filiis
251 2431 325 2459 olim·
341 2432 547 2461 Boneventure
568 2434 680 2468 fratris
696 2435 768 2470 mei,
794 2444 927 2472 quorum
948 2442 1031 2466 tutor
1047 2447 1126 2473 sum,

156 2483 199 2511 eis
211 2492 229 2511 a
241 2484 385 2512 manibus
396 2484 516 2514 domini
527 2486 668 2515 Sassonis
678 2488 876 2524 primiclierii
885 2489 1006 2526 judicis
1017 2491 1128 2526 dativi,

154 2536 235 2564 sicut
257 2545 312 2573 per
341 2537 584 2567 instrumentum
612 2541 782 2569 inventarii
815 2551 911 2571 manu
936 2544 1066 2572 Romani
1096 2544 1130 2573 de

155 2588 255 2616 Rubea
275 2589 439 2618 scriniarii
461 2591 611 2628 scriptum
632 2598 772 2630 apparet,
793 2599 819 2622 et
840 2603 890 2632 eyo
906 2595 1014 2624 Petrus
1033 2597 1130 2625 Bone—

158 2646 299 2676 venture,
324 2651 414 2679 nepos
430 2644 641 2680 predictorum
655 2647 803 2682 fratrum,
824 2656 888 2677 una
909 2657 979 2677 cum
995 2649 1131 2686 predicto

153 2811 179 2838 1.
197 2812 211 2838 'i
228 2812 334 2838 sevi-ier
353 2813 429 2840 1¹95.
444 2827 481 2834 —
496 2814 645 2848 Muratori,
659 2815 727 2848 t.11.
742 2826 770 2851 p.
786 2818 848 2845 809.
865 2833 899 2839 —
916 2820 970 2847 Les
986 2821 1131 2848 membres

115 2861 279 2887 mascuIIns
295 2861 330 2887 de
346 2862 372 2888 la
391 2862 496 2889 famine
516 2863 552 2889 de
574 2864 668 2899 Papa,
690 2866 825 2893 hei-itiers
842 2876 915 2902 pour
934 2877 990 2895 une
1005 2871 1131 2897 certaine

114 2911 182 2943 part
207 2908 249 2942 [82
278 2917 373 2936 mares
407 2910 451 2945 ll2
480 2911 620 2946 d'argent)
647 2913 683 2939 de
709 2914 734 2940 la
763 2917 884 2942 creance
915 2925 987 2951 pour
1010 2917 1131 2951 laquelle

113 2955 230 2983 Adrion
246 2956 286 2982 IV
299 2958 374 2984 avait
390 2962 502 2993 engage}
518 2959 609 2987 civita
622 2961 782 2989 Castellana
799 2967 826 2989 et
841 2963 989 2996 Montano,
1003 2964 1132 2992 donneut

112 3003 260 3040 decharge
276 3015 312 3032 au
328 3008 469 3034 camerier
482 3007 618 3037 cencius.

260 3067 346 3094 Lmen
365 3067 508 3096 Causuuu.
530 3083 566 3090 —
583 3070 607 3097 Ι.

1241 426 1364 454 domino
1380 427 1466 454 l’etro
1482 432 1594 463 patruo
1610 432 1635 455 et
1653 433 1792 455 curatore
1812 436 1874 456 meo
1895 428 1924 456 in
1943 428 1995 456 hoe
2012 428 2092 455 mihi
2107 436 2124 455 a
2142 436 2213 456 ma-

1241 479 1332 506 nibus
1347 478 1694 516 dominorumjudicum
1712 481 1824 508 scilicet
1844 480 1996 509 Saissonis
2013 480 2211 517 primicherii

1241 535 1267 559 et
1283 531 1434 559 Joliannis
1449 531 1600 559 Saissonis
1615 532 1756 560 archarii
1772 533 1855 567 dato,
1878 534 1909 560 in
1930 533 2100 561 eorumdem
2119 532 2213 569 judi-

1241 591 1308 611 cum
1324 584 1478 619 presentia
1493 588 1518 611 et
1532 592 1586 620 per
1597 593 1698 612 eorum
1714 585 1924 613 auctoritatem
1940 590 2029 621 atque
2045 585 2209 620 decretum,

1242 640 1392 671 quantum
1406 635 1445 663 ad
1455 636 1548 664 (Iletos
1561 637 1692 664 minores
1706 638 1847 673 pertinet,
1861 646 1915 673 pro
1928 638 2025 665 altera
2040 637 2205 672 medietate,

1240 696 1296 724 pro
1314 688 1452 724 portione
1469 693 1566 715 tamen
1590 689 1757 725 unicuique
1783 694 1918 717 nostrum
1942 694 1967 717 et
1990 690 2124 725 ipsorum
2148 690 2210 717 mi-

1242 748 1352 768 norum
1374 744 1567 776 competente.
1593 741 1624 768 in
1646 742 1795 777 presentia
1815 741 1932 769 domini
1952 742 2032 769 Petri
2054 741 2087 769 dc
2106 742 2210 769 Judiee

1243 792 1393 821 causidici
1416 796 1443 820 ct
1466 793 1707 829 subscriptorum
1729 795 1864 827 trsti‘um,
1885 802 1987 821 omnes
2007 794 2157 828 simulet,
2178 798 2208 821 ut

1243 845 1358 873 dictum
1374 849 1423 879 est,
1442 845 1562 881 pariter
1576 846 1700 881 propriu
1719 850 1820 873 nistra
1842 846 1995 873 voluntate
2012 855 2104 873 renuo
2117 850 2142 873 et
2157 854 2210 881 ye-

1246 898 1392 925 neralitcr
1409 898 1505 932 refuto
1524 897 1602 925 robis
1617 897 1739 924 domitio
1757 898 1888 931 Cititlzio,
1908 899 1957 925 liei
1973 898 2074 934 pratia
2091 898 2210 926 ecclesie

1243 950 1352 978 Sancte
1367 949 1455 977 Lucic
1475 950 1506 976 in
1523 949 1613 977 Silice
1631 949 1758 977 [liacono
1780 949 1935 977 cardinali
1959 954 1984 977 et
2004 950 2121 977 domini
2135 959 2213 987 pape

1245 1002 1428 1036 camerario,
1450 1001 1594 1029 mandato
1617 1010 1732 1038 [sumpte
1752 1003 1945 1038 procuratori
1961 1003 2070 1038 prefati
2093 1003 2213 1030 domini

1245 1063 1318 1092 pape
1334 1054 1525 1083 Celestiniad
1538 1054 1590 1081 hoe
1603 1054 1770 1090 spetialiter
1783 1055 1954 1085 constituto.
1969 1055 2007 1082 ad
2021 1064 2094 1090 opus
2105 1060 2130 1082 et
2150 1056 2212 1082 uti-

1246 1108 1360 1136 litatem
1388 1108 1483 1143 ipsius
1503 1106 1622 1134 domini
1638 1115 1712 1142 pape
1733 1111 1758 1133 et
1774 1115 1974 1134 suceessorum
1992 1108 2054 1143 eJus
2071 1116 2104 1133 ae
2121 1107 2212 1134 totius

1245 1161 1362 1189 ecclesie
1372 1160 1652 1196 Ronutneperpetuo
1663 1170 1671 1186 .·
1687 1159 1716 1186 id
1728 1164 1767 1186 est
1779 1168 1895 1186 omnem
1908 1160 1953 1186 tiu
1963 1169 1987 1185 m
2001 1160 2210 1195 etpetitinnem

1246 1222 1337 1250 qzutm
1363 1213 1420 1249 ipsi
1441 1212 1563 1239 domino
1583 1220 1658 1248 pape
1677 1216 1702 1238 et
1724 1211 1841 1239 ecclesie
1857 1212 1986 1238 Romane
2003 1212 2145 1245 ,fi-cimus.
2162 1221 2214 1247 pe-

1247 1267 1386 1297 tivimus.
1402 1270 1498 1302 petere
1517 1266 1560 1293 cel
1572 1266 1671 1299 facere
1684 1264 1851 1300 potuimus,
1870 1264 2005 1291 videlicet
2022 1264 2054 1291 de
2071 1265 2213 1291 universa

1244 1320 1387 1357 porcione
1406 1318 1559 1356 quondam
1581 1318 1662 1345 Petri
1682 1317 1823 1353 prefecti,
1849 1317 1974 1344 illarum
1999 1316 2110 1344 seilicet
2134 1316 2216 1343 mille

1247 1380 1425 1400 marcarum
1447 1371 1568 1407 arpenti
1588 1378 1664 1406 quas
1681 1370 1708 1397 ei
1730 1374 1755 1397 et
1776 1370 1840 1396 suis
1858 1369 2044 1397 consortibus
2066 1369 2139 1395 olim
2161 1368 2215 1395 do-

1247 1426 1353 1454 minus
1381 1434 1459 1462 papa
1485 1424 1642 1452 Adrianus
1665 1427 1795 1459 quartus
1818 1422 1932 1455 debuit,
1958 1430 2012 1458 pro
2039 1422 2148 1457 qnilnts
2172 1422 2214 1449 eis

1247 1479 1401 1508 civitatem
1427 1476 1629 1506 Castellanam
1653 1480 1678 1503 et
1701 1476 1877 1503 unirersum
1904 1474 2081 1502 comitatum
2101 1474 2164 1509 ejus
2180 1481 2215 1501 ac

1247 1532 1375 1560 Montem
1395 1530 1497 1558 Altum
1520 1529 1665 1565 obliyaoit
1687 1532 1713 1555 ct
1730 1528 1803 1564 jure
1819 1527 1960 1563 pignoris
1978 1526 2120 1554 tradidit.
2138 1526 2216 1553 sieut

1244 1592 1300 1621 per
1314 1582 1513 1620 pricileqium
1535 1582 1630 1617 ipsius
1650 1580 1768 1608 domini
1788 1588 1863 1616 pape
1882 1579 2015 1607 Adriani
2031 1583 2171 1615 apparet,
2190 1583 2215 1606 et

1248 1636 1286 1664 ad
1299 1643 1421 1672 presens
1438 1634 1519 1662 vobis
1536 1642 1593 1670 pro
1609 1633 1687 1660 dieto
1705 1632 1828 1659 domino
1842 1640 1921 1668 papa
1939 1631 2095 1658 reddimus
2111 1635 2136 1658 et
2155 1639 2215 1667 pu-

1248 1672 1319 1717 blice
1337 1687 1561 1716 reinvestientes
1578 1685 1761 1722 corporalem
1781 1684 1979 1712 tradicionem
2000 1684 2217 1718 transferimus

1248 1745 1274 1769 et
1290 1749 1325 1769 ea:
1344 1740 1385 1768 eis
1394 1740 1462 1776 jam
1481 1738 1627 1766 traditam
1647 1738 1794 1773 confirma
1802 1745 1867 1765 mus
1886 1744 1987 1764 omnes
2004 1745 2048 1764 res
2064 1741 2089 1763 et
2103 1745 2216 1772 posses-

1248 1794 1355 1827 siones,
1378 1792 1513 1820 videlicet
1529 1791 1638 1825 domos,
1657 1791 1819 1823 casalinos,
1839 1794 1934 1817 terras
1951 1794 1977 1817 et
1996 1789 2108 1822 cinctu,
2125 1793 2214 1821 ortos,

1250 1847 1421 1883 canapinas
1446 1850 1536 1881 atque
1562 1845 1687 1877 oliveta,
1720 1843 1926 1871 mottntlinum
1955 1847 1980 1869 et
2012 1843 2092 1870 viam
2121 1842 2216 1869 mola-

1249 1909 1336 1933 rum,
1358 1907 1426 1927 cum
1446 1898 1605 1925 arboribus
1619 1897 1790 1931 fructiferis
1807 1900 1831 1923 et
1852 1895 2058 1930 infructiferis
2073 1899 2098 1921 et
2114 1894 2216 1921 omni-

1251 1953 1303 1981 bus
1317 1952 1381 1980 suis
1394 1950 1615 1988 pertinenciis;
1635 1958 1690 1985 que
1710 1958 1754 1976 res
1768 1953 1792 1976 et
1807 1949 2003 1984 possessiones
2021 1948 2103 1975 nobis
2120 1948 2217 1983 perti-

1252 2010 1323 2034 nent
1347 2005 1394 2033 vel
1419 2004 1573 2040 pertinere
1602 2001 1754 2036 videntur,
1788 2006 1813 2029 et
1845 2010 1893 2028 eas
1920 2009 2014 2036 usquc
2041 2000 2124 2027 modo
2145 2000 2219 2036 jure

1251 2057 1445 2094 obliyationis
1470 2061 1604 2084 tenemus
1626 2058 1651 2082 et
1674 2054 1845 2086 tenuimus,
1869 2058 1894 2081 et
1918 2053 1951 2080 in
1973 2053 2147 2088 corporibus
2175 2052 2219 2080 vel

1254 2112 1285 2139 in
1302 2109 1473 2138 actionibus
1489 2108 1632 2136 babemus
1651 2107 1779 2135 indicta
1797 2106 1919 2134 civitate
1934 2105 2116 2136 Castellana.
2137 2106 2219 2132 intus

1251 2168 1277 2192 et
1294 2163 1406 2198 deforis
1419 2166 1445 2190 et
1461 2166 1518 2190 toto
1531 2160 1697 2197 comitatu;
1716 2167 1781 2196 que,
1800 2163 1833 2187 ut
1852 2158 1967 2186 dictum
1983 2162 2032 2192 est,
2054 2158 2136 2185 nobis
2149 2165 2219 2193 per-

1252 2217 1349 2245 tinent
1364 2224 1419 2253 pro
1435 2214 1552 2243 duabus
1565 2213 1706 2250 partibus
1719 2216 1837 2240 centum
1853 2212 2004 2240 librarum
2021 2210 2220 2238 denariorum

1248 2269 1466 2307 papiensium,
1492 2275 1568 2303 quas
1589 2266 1661 2294 olim
1683 2265 1808 2292 domina
1832 2264 1977 2299 Purpura
1996 2263 2093 2290 amita
2117 2266 2220 2289 nostra

1248 2322 1398 2359 prelibato
1416 2321 1503 2348 Petro
1513 2320 1643 2356 prefecto
1659 2318 1726 2346 viro
1742 2326 1795 2345 suo
1810 2317 1932 2344 nomine
1944 2316 2020 2343 dotis
2034 2314 2122 2349 dedit,
2142 2315 2221 2342 sicut

1249 2383 1304 2412 per
1322 2373 1437 2402 dotalia
1454 2373 1661 2400 instrumenta
1674 2374 1810 2406 apparet.
1825 2377 1880 2405 que
1892 2368 1930 2396 ad
1943 2368 2087 2404 majorem
2103 2367 2221 2394 ecclesie

1251 2428 1383 2457 Romane
1399 2426 1547 2455 cautelam
1573 2424 1652 2452 rolris
1670 2423 1791 2451 danius.
1814 2421 2027 2457 Quodcumque
2053 2421 2152 2455 itaque
2167 2420 2221 2455 J'us

1252 2485 1278 2509 et
1294 2486 1518 2516 quamcumque
1533 2477 1683 2505 actionem
1698 2475 1887 2512 personalem
1904 2478 1928 2501 et
1947 2474 1977 2500 in
1998 2482 2057 2500 rem
2075 2473 2137 2500 sice
2154 2480 2221 2508 ypo-

1253 2532 1433 2564 thecariam,
1453 2536 1512 2558 tam
1535 2530 1626 2557 etiam
1647 2528 1686 2556 ad
1708 2527 1858 2564 ayendum
1880 2534 1971 2562 qzutm
1993 2524 2218 2561 excipiendum,

1251 2585 1330 2622 quod
1345 2592 1474 2621 quamue
1492 2583 1523 2610 in
1543 2581 1682 2610 omnibus
1693 2580 1838 2617 predictis
1854 2579 1940 2606 rebus
1955 2577 2091 2606 civitatis
2108 2576 2221 2605 Castel-

1253 2638 1320 2666 lane
1343 2638 1425 2665 intus
1447 2639 1473 2663 et
1494 2634 1605 2670 deforis
1625 2638 1650 2661 et
1671 2633 1764 2660 tocius
1781 2631 1942 2660 comitatus
1960 2630 2024 2666 ejus
2041 2634 2066 2657 et
2087 2630 2116 2657 in
2135 2629 2221 2656 omni

1249 2689 1440 2728 patrimonio
1455 2687 1571 2716 ecclesie
1590 2686 1721 2714 Romane
1737 2690 1762 2712 et
1778 2684 1947 2720 spetialiter
1964 2683 1997 2709 in
2013 2682 2154 2710 omnibus
2171 2681 2221 2709 bo-

1252 2744 1303 2771 nis
1322 2743 1353 2770 in
1371 2740 1545 2777 corporibus
1568 2738 1613 2766 vel
1638 2738 1667 2765 in
1689 2736 1860 2765 actionibus
1879 2735 2062 2767 constitutiS,
2083 2742 2138 2770 que
2154 2734 2222 2768 fue-

1252 2799 1328 2824 runt
1350 2794 1421 2822 olim
1442 2791 1576 2829 predicti
1595 2790 1677 2818 Petri
1693 2789 1820 2826 prefecti
1835 2788 1990 2820 habemus,
2008 2791 2034 2814 et
2054 2786 2223 2823 spetialiter

1253 2848 1398 2876 adversus
1416 2844 1596 2873 modernum
1613 2843 1735 2871 Petrum
1752 2842 1918 2878 prefectum
1937 2845 1962 2867 et
1976 2840 2038 2876 ejus
2053 2840 2166 2874 fratres
2178 2843 2223 2866 at-

1253 2909 1309 2937 que
1329 2899 1474 2927 adversus
1496 2897 1592 2925 aliam
1609 2902 1833 2932 quamcumque
1845 2901 2005 2930 personam
2023 2892 2130 2920 nabere
2148 2899 2223 2928 quo-

1254 2951 1400 2991 quomodo
1421 2957 1575 2988 possemus
1600 2952 1734 2985 respectu
1762 2947 1808 2974 rel
1826 2946 1898 2982 jure
1923 2945 2058 2973 duarum
2082 2944 2220 2982 partium

1250 3005 1365 3043 presiate
1376 3003 1453 3032 dotis
1466 3002 1486 3032 C
1503 3001 1655 3030 librarum
1669 3000 1869 3028 denariorum
1885 2997 2079 3035 papiensium
2098 3001 2123 3025 et
2135 2997 2224 3031 sruc-

2048 3062 2080 3087 55
