2392 3571
659 335 709 364 LE
733 335 876 365 LIBER
899 333 1132 365 CENSUUM
1155 334 1210 364 DE
1232 328 1418 363 L’EGLISE
1442 332 1649 363 ROMAINE.
2135 332 2191 362 585

150 410 355 429 ANvasnsaaiis
366 401 543 429 Romixomm
555 410 714 429 rotarii-'tcum
726 410 758 427 ΕΤ
769 409 949 428 anonumum
961 408 1116 428 onssuwrum

148 458 228 478 nouis
243 459 406 477 sarri-:amam
424 459 502 477 ANle
519 459 640 478 smonms
656 458 838 477 CELEBRANDlS
850 451 869 477 ¹.

185 551 256 578 Cum
280 551 380 578 fideles
401 553 511 578 animas
531 551 730 578 defunctorum
757 551 812 577 sibi
838 550 939 577 salutis
964 558 1117 585 procurare

150 601 302 627 consilium
321 605 501 634 nequeuntes
519 601 641 626 humane
661 600 788 626 caritatis
811 600 947 626 instinctu
965 599 1118 625 conveniat

149 649 310 676 orationum
330 649 475 683 suffragiis
494 649 640 683 adjuvari,
661 649 864 675 sanctissimus
887 652 964 682 pater
981 647 1117 674 dominus

150 697 314 724 Alexander
325 706 395 732 papa
407 702 526 732 quartus
541 697 577 723 de
590 697 708 723 fratrum
721 705 839 723 suorum
854 697 980 724 unanimi
997 696 1116 723 consilio

151 751 179 773 et
206 754 327 772 assensu
339 767 346 778 ‚
372 746 600 772 anniversarium
627 749 810 772 sacrosancte
841 745 970 772 Romane
995 745 1117 771 ecclesie

151 795 316 830 pontificum
328 799 355 820 et
367 794 552 821 cardinalium
565 794 733 820 obeuntium
748 795 830 820 nonis
847 794 1019 828 septembris
1035 793 1118 820 annis

150 843 274 878 singulis
290 843 350 869 fieri
367 843 460 869 taliter
475 842 625 873 ordinavit.
639 846 671 869 ut
685 842 778 869 silicet
794 843 874 877 prins
890 851 939 877 per
955 842 1117 869 Romanum

153 892 313 927 pontificem
337 895 365 918 et
391 891 550 918 cardinales
575 891 603 917 in
629 891 767 926 cappellis
790 891 912 925 propriis
936 891 1065 925 vesperis
1089 894 1117 917 et

150 940 257 974 vigiliis
279 948 330 974 pro
353 939 499 966 defunctis
518 947 583 965 cum
607 947 708 965 novem
730 939 902 965 lectionibus
926 943 1035 965 etcum
1052 943 1119 965 nota

151 988 346 1022 sollempniter
365 988 540 1019 decantatis,
563 988 625 1023 ipse
644 987 795 1014 Romanus
815 987 941 1022 pontifex
953 1008 960 1022 ,
976 987 1117 1014 assisten-

151 1038 230 1064 tibus
245 1037 301 1064 sibi
321 1037 514 1064 cardinalibus
534 1041 565 1063 ut
585 1041 629 1063 est
649 1036 738 1063 moris
750 1058 756 1068 ‚
774 1037 891 1063 missam
908 1045 958 1071 pro
974 1036 1118 1063 defunctis

152 1086 349 1121 sollempniter
360 1086 484 1112 celebret
494 1085 556 1120 ipsa
567 1085 622 1119 die,
635 1085 775 1112 ducentos
787 1093 927 1120 pauperes
939 1085 1117 1117 refecturus;

153 1139 181 1161 et
204 1135 435 1169 vigintiquinque
456 1134 562 1160 reficiat
586 1133 772 1160 cardinalium
799 1134 1011 1169 unusquisque.
1034 1133 1119 1161 Ordi—

153 1184 352 1218 navitquoque
361 1183 397 1209 de
411 1183 552 1210 dictorum
565 1184 682 1210 fratrum
695 1183 816 1209 consilio
828 1186 855 1209 et
867 1191 991 1210 assensu
1007 1187 1038 1210 ut
1052 1191 1119 1210 cum

154 1232 316 1259 Romanum
333 1232 488 1258 antistitem
511 1240 526 1257 e
547 1233 603 1258 vita
619 1231 736 1266 migrari
751 1232 906 1266 contigerit
917 1254 923 1263 ‚
940 1231 986 1258 die
1000 1231 1120 1258 defunc-

153 1281 240 1308 tionis
262 1281 355 1315 ipsius
376 1280 534 1307 cardinales
550 1280 750 1315 sollempniter
766 1284 794 1307 et
810 1289 876 1307 cum
893 1284 959 1307 nota
975 1281 1120 1308 celebrent

153 1330 276 1356 officium
293 1338 342 1364 pro
359 1330 502 1356 defunctis
516 1334 544 1356 et
559 1338 640 1356 esum
655 1329 864 1364 quinquaginta
880 1330 1054 1364 pauperibus
1068 1339 1120 1365 pro

151 1378 246 1404 anima
262 1378 388 1404 defuncti
411 1379 556 1413 pontificis
570 1379 756 1405 cardinalium
773 1379 892 1413 quilibet
908 1379 1118 1412 subministret,

153 1427 258 1454 missas
274 1427 391 1453 totidem
409 1436 458 1462 pro
473 1427 618 1454 defunctis
640 1428 749 1454 faciens
763 1428 947 1463 postmodum
963 1428 1119 1456 decantari.

154 1476 304 1503 Ordinavit
331 1477 415 1503 etiam
443 1480 472 1503 ut
497 1476 632 1503 cardinali
657 1477 784 1503 obeunte
808 1480 865 1503 tam
891 1476 964 1503 idem
988 1485 1121 1504 summus

153 1525 281 1559 pontifex
297 1533 381 1560 quam
398 1525 557 1552 cardinales
577 1526 605 1552 in
626 1526 743 1560 capellis
758 1526 821 1552 suis
836 1530 952 1552 cantent
968 1534 1034 1552 cum
1054 1529 1120 1552 nota

153 1574 352 1608 sollempniter
363 1573 484 1600 officium
499 1582 548 1609 pro
560 1573 703 1601 defunctis
716 1584 721 1606 ;
734 1574 867 1609 idemque
883 1574 1033 1601 Romanus
1049 1583 1120 1608 pon-

154 1623 224 1648 tifex
240 1621 285 1648 CC
301 1630 442 1657 pauperes
459 1630 509 1657 pro
530 1623 595 1657 ejus
617 1622 711 1649 anima
731 1627 829 1657 pascat
848 1627 876 1649 et.
898 1622 983 1648 XXV
1001 1623 1121 1657 quilibet

153 1671 357 1703 cardinalium,
378 1679 487 1697 necnon
511 1675 539 1697 et
561 1672 623 1706 ipse
643 1671 777 1698 dominus
799 1680 870 1706 papa
886 1672 991 1698 missas
1007 1680 1056 1706 pro
1072 1671 1121 1698 de-

154 1719 262 1746 functis
278 1718 346 1746 CCu
357 1724 386 1746 et
401 1719 489 1746 XXV
501 1721 625 1754 quisque
636 1719 821 1746 cardinalium
839 1720 1021 1755 postmodum
1037 1720 1122 1747 faciat

153 1769 300 1795 celebrari.

122 1921 275 1956 {CCCXL1.
287 1936 323 1942 —
334 1921 427 1950 Pano
440 1931 648 1950 ARCHIEPISCOPO
664 1922 876 1951 Βωωεοᾼιεκει
890 1933 1042 1951 effliznixnio
1055 1933 1122 1952 Nos-

153 1980 215 1998 ·rno.
238 1972 417 1999 Aasorxrrua
438 1981 471 1998 ΑΒ
491 1980 608 1999 OMNIBUS
629 1981 834 1999 mmmsrniris
854 1981 903 1999 psa
925 1982 978 2000 ami
998 1982 1121 2001 respons

153 2028 247 2046 nomm
264 2019 404 2047 Unaaxffl.

191 2121 326 2148 Urbanus
343 2122 499 2156 episcopus
517 2130 620 2149 servus
636 2130 785 2149 servorum
803 2122 855 2148 Dei
872 2123 1027 2149 venerabili
1043 2123 1122 2149 fratri

156 2169 242 2196 Petro
258 2170 476 2205 archiepiscopo
493 2170 702 2205 Burdegalensi
715 2172 870 2198 camerario
887 2177 985 2198 nostro
1001 2172 1122 2198 salutem

155 2222 184 2244 et
199 2219 386 2253 apostolicam
403 2219 642 2246 benedictionem.
660 2219 731 2246 Cum
748 2219 782 2246 de
799 2221 942 2246 universis
957 2224 985 2246 et
998 2221 1123 2254 singulis

155 2276 212 2302 que
223 2267 258 2293 de
273 2268 356 2294 bonis
367 2268 490 2294 ecclesie
501 2268 630 2295 Romane
644 2269 671 2295 in
687 2277 756 2295 auro
773 2270 814 2295 vel
833 2274 960 2304 argento,
979 2271 1055 2296 vasis
1071 2278 1123 2296 seu

157 2317 280 2343 monetis
300 2316 395 2343 aureis
418 2318 462 2343 vel
481 2318 627 2352 argenteis
649 2322 697 2344 aut
719 2318 772 2344 alia
791 2319 913 2353 pecunia
932 2319 977 2344 vel
1001 2319 1124 2353 quibus-

157 2373 281 2400 cumque
298 2366 362 2392 aliis
379 2374 474 2392 rerum
488 2366 644 2400 generibus
660 2367 837 2393 constitutus
848 2367 876 2393 in
889 2368 1042 2394 camerarie
1058 2375 1125 2393 nos-

156 2418 199 2441 tre
221 2414 312 2441 officio
335 2415 470 2450 recepisti
495 2415 539 2441 vel
562 2416 645 2442 etiam
669 2415 832 2450 expendisti
848 2416 999 2442 sufficienti
1016 2416 1125 2442 reddita

157 2463 267 2489 ratione
286 2462 369 2489 nobis
389 2463 516 2497 plenarie
539 2463 732 2495 satisfeceris,
750 2463 784 2490 de
804 2463 959 2499 praedictis
975 2472 1027 2490 nos
1046 2468 1074 2490 te
1089 2464 1124 2490 ab

156 2511 214 2538 hiis
225 2512 360 2538 omnibus
372 2512 496 2538 totaliter
507 2512 690 2538 absolventes
701 2512 879 2547 presentium
894 2512 944 2539 tibi
957 2513 1124 2540 auctoritate

158 2688 184 2714 1.
208 2688 335 2722 Anagni,
359 2689 427 2714 aout
449 2688 526 2716 1965.
550 2703 583 2708 —
606 2688 759 2720 Muratori,
785 2691 862 2720 Ant„
888 2694 908 2716 t.
930 2689 981 2721 IV,
1003 2698 1030 2724 p.
1055 2689 1123 2723 784;

1233 399 1420 426 concedimus
1443 407 1477 424 ne
1500 400 1632 433 cuiqnam
1653 400 1687 426 de
1709 404 1804 426 cetero
1827 401 1963 426 rationem
1985 399 2049 426 inde
2074 399 2192 426 reddere

1233 447 1374 478 teneam,
1396 451 1445 473 aut
1464 447 1558 481 quivis
1578 456 1730 482 personam
1750 451 1826 474 tuam
1848 448 1891 474 vel
1913 448 2063 474 ecclesiam
2082 447 2193 474 Burde-

1233 495 1379 529 galensem
1411 494 1527 529 predicti
1557 496 1707 522 occasione
1741 495 1823 522 officii
1857 496 1946 522 valeat
1981 496 2194 530 quomodolibet

1234 543 1397 570 molestare.
1415 542 1518 569 Datum
1537 542 1669 576 Viterbii,
1691 543 1718 570 II
1735 544 1788 570 kal.
1806 545 1886 576 maii,
1904 544 2086 579 pontificatus
2103 545 2192 571 nostri

1233 600 1308 618 anno
1320 592 1422 626 prime.
1435 590 1468 617 Et
1483 599 1536 626 ego
1554 591 1672 624 Bassus,
1688 593 1764 619 filius
1779 593 1921 627 quondam
1939 592 2045 619 domini
2062 592 2190 624 Roberti,

1233 639 1390 674 apostolica
1414 640 1581 666 anctoritate
1609 645 1636 666 et
1661 649 1736 667 nunc
1759 649 1870 667 camere
1895 641 2024 675 ejusdem
2054 641 2191 669 notarius.

1234 692 1318 723 prout
1333 689 1360 714 in
1377 687 1513 722 predictis
1531 688 1631 714 litteris
1647 689 1753 715 domini
1770 697 1840 724 pape
1855 690 1961 721 inveni,
1975 690 2078 723 scripsi
2095 693 2123 715 et
2138 697 2192 724 pu—

1234 736 1336 763 blicavi
1359 740 1387 762 et
1409 736 1519 770 signavi
1537 738 1648 770 proprio
1666 745 1728 763 meo
1745 739 1838 771 signo,
1856 738 2040 772 presentibus
2056 737 2192 772 magistro

1234 784 1356 811 Martino
1371 784 1406 810 de
1421 783 1518 810 Brixia
1532 792 1643 810 camere
1658 785 1765 811 domini
1783 794 1854 821 pape
1869 786 1972 812 clerico
1983 807 1989 818 ,
2008 790 2036 812 et
2056 786 2192 820 magistro

1233 832 1365 859 Johanne
1389 832 1423 859 de
1445 831 1584 859 Warcino
1605 834 1744 868 scriptore
1765 834 1870 861 domini
1889 843 1960 869 pape
1982 834 2115 866 testibus,
2137 834 2191 861 sub

1234 889 1308 908 anno
1330 880 1444 907 Domini
1470 882 1620 908 millesimo
1636 882 1832 909 ducentesimo
1855 884 2034 917 sexagesimo
2055 882 2192 915 secund0,

1234 929 1390 956 indictione
1406 928 1451 961 Vfl„
1464 929 1647 964 pontificatus
1663 931 1790 964 ejusdem
1803 931 1908 957 domini
1921 939 1991 966 pape
2004 939 2077 957 anno
2094 931 2193 966 primo.

1203 1082 1370 1117 [cccxml.
1392 1097 1425 1103 —
1445 1082 1598 1110 Oanimrio
1615 1092 1813 1110 paoeassmscn
1832 1092 1938 1114 QUANDO
1958 1093 2026 1111 ΡΑΡΛ
2047 1093 2196 1112 εοκεεοευι-

1235 1139 1287 1158 rua
1301 1133 1319 1157 ¹.

1272 1232 1368 1260 Primo
1381 1234 1479 1268 junior
1495 1233 1689 1260 subdiaconus
1705 1241 1770 1260 cum
1787 1242 1882 1260 cruce.

1272 1281 1376 1308 Postea
1393 1282 1554 1316 palafredus
1567 1281 1674 1308 domini
1692 1290 1762 1317 pape
1777 1282 1922 1316 faleratus,
1936 1291 2053 1309 vacuus.

1272 1330 1342 1357 Post
1356 1339 1422 1357 eum
1438 1330 1588 1356 duodecim
1604 1330 1730 1357 ferentes
1746 1331 1858 1357 vexilla.

1273 1379 1342 1406 Post
1356 1379 1412 1406 duo
1428 1380 1546 1414 prefecti
1563 1380 1676 1406 navales
1692 1380 1863 1414 pluvialibus
1878 1379 1979 1406 induti.

1273 1427 1377 1454 Postea
1392 1429 1520 1462 episcopi
1536 1432 1564 1454 et
1578 1428 1787 1462 archiepiscopi
1800 1428 1939 1454 forenses.

1274 1476 1377 1503 Postea
1393 1477 1518 1511 episcopi
1533 1477 1691 1503 cardinales
1706 1481 1734 1503 et
1749 1477 1867 1503 abbates
1883 1476 1980 1504 Urbis.

1273 1526 1340 1553 Post
1358 1526 1518 1561 presbyteri
1534 1526 1702 1552 cardinales.

1274 1574 1377 1601 Postea
1391 1575 1532 1602 scriniarii
1550 1580 1578 1602 et
1593 1575 1732 1601 advocati.

1273 1623 1376 1650 Postea
1393 1623 1478 1650 Greci
1494 1632 1559 1650 cum
1573 1631 1650 1650 scota
1665 1628 1824 1650 cantorum.

1255 1672 1258 1674 ’
1274 1672 1379 1699 Postea
1394 1673 1564 1699 subdiaconi
1580 1672 1743 1706 regionarii.

1274 1721 1378 1747 Postea
1394 1720 1560 1747 subdiaconi
1577 1720 1737 1747 basilicarii.

1275 1770 1378 1796 Postea
1395 1770 1470 1804 prior
1486 1769 1728 1796 subdiaconorum
1745 1777 1810 1796 cum
1826 1770 1925 1796 ferula.

1274 1818 1378 1844 Postea
1393 1818 1505 1844 diaconi
1521 1818 1689 1844 cardinales.

1275 1866 1378 1893 Postea
1393 1867 1469 1901 prior
1485 1866 1669 1892 diaconorum
1686 1866 1766 1892 solus
1781 1874 1846 1892 cum
1863 1866 1962 1892 ferula.

1274 1915 1378 1942 Postea
1393 1915 1589 1941 subdiaconus
1606 1915 1784 1949 regionarius
1798 1923 1864 1941 cum
1875 1915 1980 1950 tagolia
1995 1916 2201 1950 aliquantulum

1239 1968 1436 1998 sequestratus
1451 1973 1467 1990 a
1484 1973 1563 1999 papa.

1274 2014 1377 2039 Postea
1390 2021 1472 2048 papa.

1274 2061 1378 2088 Postea
1390 2063 1473 2096 Juxta
1490 2070 1588 2096 papam
1604 2062 1757 2096 prefectus.

1274 2110 1345 2137 Post
1360 2119 1460 2146 papam
1474 2110 1597 2146 judices.

1209 2264 1390 2300 [cccxmll.
1407 2278 1442 2284 —
1459 2264 1500 2290 Da
1516 2272 1680 2291 cassamus
1697 2272 1837 2291 coriscum
1854 2263 2011 2290 Heumann
2023 2263 2043 2290 2.

1276 2368 1295 2400 †
1313 2366 1345 2393 In
1366 2367 1480 2393 nomine
1502 2365 1634 2399 Domini,
1657 2373 1750 2392 amen.
1774 2364 1835 2391 Hoc
1854 2368 1898 2391 est
1919 2365 2081 2399 exemplum
2104 2366 2203 2398 cujus-

1241 2415 1305 2442 dam
1321 2414 1427 2449 publici
1444 2414 1628 2441 instrumenti
1644 2415 1728 2448 quus
1745 2418 1826 2440 tenor
1842 2413 1906 2440 talis
1921 2417 1966 2439 est
1985 2424 1990 2439 :

1242 2590 1266 2615 1.
1288 2588 1378 2616 Ordre
1393 2588 1445 2615 des
1460 2588 1643 2623 processions
1663 2588 1849 2622 pontificales.
1871 2587 1914 2615 Cf.
1932 2587 2024 2615 l‘Ordo
2041 2589 2202 2621 ci-dessus‚

1206 2647 1233 2673 p.
1250 2637 1310 2665 292.

1241 2687 1267 2713 2.
1284 2686 1441 2718 Benevent‚
1458 2686 1474 2713 9
1489 2686 1605 2712 octobre
1624 2685 1698 2711 1281.
1712 2700 1744 2704 —
1756 2684 1902 2717 Mumtori,
1919 2687 1997 2718 Ant„
2013 2690 2033 2712 t.
2050 2684 2101 2716 IV,
2117 2694 2146 2720 p.
2158 2686 2201 2713 53.

121 2736 267 2768 Potthast,
287 2744 319 2763 n⁰
335 2737 430 2764 18104.
447 2751 483 2757 -
503 2737 675 2772 Reglement
691 2737 775 2764 etabli
798 2746 848 2772 par
867 2738 892 2764 le
908 2746 979 2773 pape
995 2738 1124 2765 Alexan-

121 2784 172 2811 dre
187 2784 228 2810 lv
245 2794 296 2812 sur
311 2786 353 2812 les
369 2785 464 2812 offices
478 2790 506 2812 et
520 2794 630 2812 messes
646 2787 660 2811 a
677 2786 804 2813 celebrer
820 2791 848 2812 et
863 2795 914 2813 sur
928 2787 970 2813 les
985 2788 1125 2813 aumones

121 2834 138 2860 a
152 2834 236 2867 faire,
253 2838 314 2860 tant
333 2842 384 2868 par
399 2834 423 2859 le
439 2842 510 2868 pape
526 2842 581 2868 que
597 2842 648 2869 par
662 2834 704 2860 les
719 2834 891 2865 cardinaux.
908 2843 980 2869 pour
995 2835 1036 2861 les
1052 2843 1124 2870 pon-

122 2882 189 2909 tires
204 2887 232 2909 et
247 2883 289 2909 les
305 2882 460 2909 cardinaux
476 2883 601 2909 defunts.

158 2931 184 2957 2.
205 2930 338 2965 Viterbe,
356 2931 388 2958 30
404 2931 473 2957 avril
492 2931 568 2958 1-26‘2.
590 2945 626 2951 —
648 2931 797 2966 Decharge
820 2932 930 2958 donnee
947 2941 997 2966 par
1012 2932 1036 2958 le
1054 2940 1124 2967 pape

122 2988 156 3006 au
174 2981 312 3006 camerim-
329 2984 450 3014 sortant,
470 2979 575 3013 Pici-re,
592 2980 771 3015 archeveque
788 2980 822 3007 de
841 2980 1001 3007 Bordeaux.

1206 2749 1240 2756 —
1255 2734 1475 2761 Preces-verba}
1491 2734 1525 2760 de
1541 2734 1566 2760 la
1583 2734 1690 2760 lecture
1705 2741 1762 2759 aux
1776 2733 1918 2759 habitants
1934 2733 1968 2759 de
1982 2733 2139 2764 Benevent,
2156 2742 2203 2761 as-

1206 2784 1331 2810 sembles
1351 2782 1422 2809 dans
1443 2783 1503 2809 leur
1524 2782 1699 2815 cathedrale,
1721 2781 1805 2807 d'une
1827 2782 1909 2808 lettre
1927 2782 1962 2807 de
1978 2781 2080 2808 Max-tin
2096 2781 2136 2808 IV
2154 2784 2203 2817 qui

1206 2833 1269 2859 leur
1283 2832 1399 2859 interdit
1414 2831 1509 2858 d'elire
1522 2831 1574 2857 des
1591 2831 1754 2864 magistrats
1770 2831 1964 2865 municipaux.
1982 2829 2021 2857 La
2036 2831 2118 2857 lettre
2132 2839 2204 2866 pon-

1207 2881 1309 2908 tificale
1329 2880 1485 2913 (Pottbast,
1512 2886 1541 2905 nu
1562 2878 1659 2911 21786)
1680 2883 1724 2905 est
1743 2878 1824 2905 datee
1846 2878 2006 2911 d’Orvieto,
2030 2880 2059 2905 lO
2077 2884 2203 2914 septem-

1206 2930 1256 2956 bre
1280 2929 1355 2956 1281.
1380 2928 1417 2954 Le
1436 2928 1649 2963 proces-verbal
1670 2936 1684 2952 a
1706 2929 1750 2953 ete
1771 2928 1906 2953 transcrit
1926 2935 1976 2954 sur
1996 2928 2022 2953 le
2041 2928 2163 2962 registi-e
2178 2928 2203 2953 le

1207 2978 1239 3005 Ψ.)
1257 2978 1409 3005 novembre
1425 2977 1503 3004 1282.

264 3041 347 3067 Lissa
367 3040 510 3068 Csnscun.
528 3054 564 3061 -
582 3040 605 3067 I.
2032 3038 2064 3064 74
