2392 3571
152 323 210 354 576
696 319 746 348 LE
770 318 912 349 LIBER
935 318 1168 353 CENSUUM
1191 318 1246 347 DE
1269 307 1456 348 mensi:
1478 317 1688 348 ROMAtNE.

190 390 405 427 possessionem
433 389 500 415 dicti
525 389 612 415 castri
643 393 669 415 et
693 389 818 420 cassari,
845 389 938 415 claves
969 390 1034 423 ejus
1059 386 1151 413 eidem

190 440 324 473 episcopo
341 437 534 463 concedendo.

226 487 331 512 Actum
349 486 375 511 in
392 485 468 511 dicto
484 490 588 517 castro,
607 493 701 511 coram
719 485 892 512 subscribtis
915 486 1052 515 testibus,
1074 484 1153 510 vide-

190 536 255 561 licet
281 534 394 560 dominu
418 533 593 567 Trogodorio
626 533 761 567 episcopo
784 532 964 563 Casti-ensi...
994 534 1095 559 abbate
1119 532 1152 559 de

193 584 335 615 Saccaria.
353 583 467 608 domino
483 581 633 609 Lamberto
649 582 751 608 abbate
766 582 800 608 (10
814 581 934 613 Falesia„
953 583 1090 616 magistro
1103 581 1152 607 Be-

193 642 318 660 nencnsa
334 632 470 657 canonico
491 631 582 656 sancti
604 630 751 657 Michaelis
773 630 896 662 Lucani,
919 630 1075 656 Benedicto
1095 631 1154 656 cle-

191 683 250 709 rico
266 681 356 707 saneti
379 680 515 714 Stephani
531 680 564 705 de
581 680 690 710 Alatro,
712 678 802 705 Conio
822 679 856 705 de
874 679 1005 713 Verulis,
1022 679 1154 705 ¹Iohanne

190 732 296 764 majore
311 730 344 755 (10
358 738 479 759 camera,
497 733 525 754 et
538 729 600 754 aliis
615 729 723 755 mulus,

225 779 284 812 Ego
308 778 466 811 Gregorius
488 781 671 803 sacrosancte
691 777 820 803 Romane
845 777 966 803 ecclesie
986 776 1155 803 scriniarius

191 829 225 855 de
245 828 375 854 mandato
392 827 458 852 dicti
475 827 579 852 (1001101
597 827 682 860 legati
700 826 753 852 hoc
770 826 992 852 instrumentum
1008 826 1111 852 scribsi
1127 830 1155 852 ct

190 877 329 911 complevi
359 884 478 909 meoque
508 876 591 909 signo
615 875 727 909 signavi
753 878 779 901 et
806 875 832 900 in
863 875 1003 909 publicam
1033 874 1153 900 sormam

189 926 294 960 redegi.

224 976 260 1002 Et
272 984 325 1009 ego
340 975 476 1000 Nicolaus
494 973 665 1000 Ferentinns
681 978 779 999 sancte
798 973 926 999 Romane
942 972 1063 999 ecclesie
1079 972 1153 998 scri-

191 1025 298 1052 niarius
316 1025 367 1049 hoe
383 1024 607 1049 instrumentum
629 1024 704 1048 sicut
725 1023 820 1048 inveni
842 1023 867 1048 in
891 1022 1018 1056 predicto
1040 1021 1154 1056 publico

192 1078 221 1101 et
241 1074 385 1099 autentico
404 1073 610 1102 instrumento,
630 1072 666 1097 nil
689 1071 797 1097 addens
820 1071 863 1096 vel
885 1071 1018 1096 minuens
1032 1071 1074 1096 vel
1092 1079 1155 1096 mu-

197 1129 270 1155 tans,
287 1122 321 1148 (10
337 1121 422 1147 vei-ho
439 1121 472 1147 ad
489 1121 605 1146 verbum
625 1121 771 1147 actoritate
793 1120 870 1146 sedis
886 1120 1040 1154 apostolice
1057 1128 1155 1145 exem-

190 1174 262 1208 plavi
279 1178 306 1198 et
321 1173 436 1205 signum
454 1171 518 1197 feci.

157 1328 334 1363 ICCCXXIJ.
350 1341 385 1347 —
402 1327 441 1352 De
457 1335 557 1352 casino
575 1335 663 1353 Εουε1ι
677 1331 694 1352 ¹.

224 1432 243 1463 †
267 1430 298 1456 10
321 1430 433 1455 nomine
454 1428 561 1454 domini
579 1428 667 1454 nostri
684 1427 755 1453 Jesu
773 1428 890 1453 Christi.
914 1427 974 1453 Hoc
995 1432 1039 1453 est
1059 1436 1156 1453 exem-

191 1479 268 1513 plum
285 1478 434 1511 cujusdam
452 1478 635 1503 instrumenti
651 1478 739 1510 hujus
755 1482 862 1502 tenoris
883 1488 887 1502 :

226 1527 258 1552 In
283 1527 396 1552 nomine
418 1525 549 1558 Domini,
563 1534 656 1551 amen.
675 1526 760 1551 Anno
778 1525 891 1551 Domini
912 1524 1154 1557 MCCXXXVII,

193 1575 348 1602 indictione
361 1573 414 1606 XI,
428 1579 555 1608 tempore
567 1574 675 1599 domini
692 1572 823 1607 Gregorii
836 1573 919 1599 viiii
933 1582 1002 1607 pape
1014 1582 1087 1599 :inno
1100 1573 1155 1608 xi,

193 1624 408 1658 quartodecimo
423 1622 467 1647 die
485 1622 594 1648 mensis
609 1622 723 1656 aprelis.
742 1621 841 1648 Pateat
856 1622 990 1648 omnibns
1007 1623 1156 1649 nmniseste

193 1672 268 1707 quod
285 1672 399 1698 domina
420 1671 555 1697 Adelasia
578 1672 675 1704 regina
690 1670 839 1696 ΤΗΝ-11111111
861 1674 887 1696 01
912 1670 1104 1702 (11110100315,
1123 1671 1157 1697 de

192 1730 336 1748 consensu
355 1724 382 1746 et
400 1721 545 1746 voluntate
564 1719 614 1745 viri
637 1720 682 1745 sui
705 1719 811 1745 domini
829 1719 951 1745 lluhnltli
965 1720 1074 1753 judicis
1090 1720 1157 1747 Gal-

193 1771 320 1797 lui-cusis
336 1774 363 1796 et
378 1769 533 1800 Turritani,
552 1768 683 1803 promisit
701 1772 728 1793 et
745 1768 879 1801 obligarit
897 1777 927 1793 se
944 1774 971 1794 et
989 1777 1058 1795 suos
1075 1769 1157 1795 liere-

192 1820 244 1846 des
260 1820 313 1846 suh
332 1827 403 1853 pena
419 1818 545 1844 omnium
560 1817 698 1843 bonorum
712 1826 829 1843 suorum
844 1818 981 1848 magistro
994 1819 1157 1845 Alexandro

193 1870 337 1904 capellano
354 1873 382 1894 et
406 1868 497 1901 legato
520 1866 677 1901 apostolice
701 1868 778 1892 sedis
803 1867 950 1901 recipienti
974 1877 1022 1901 pro
1042 1869 1157 1896 domino

194 1928 265 1954 papa
282 1922 309 1943 et
325 1917 445 1943 eeclesia
465 1916 603 1946 Romanu,
621 1916 695 1948 quud
713 1917 736 1941 si
753 1916 887 1941 dominns
910 1926 980 1950 papst
1005 1917 1087 1943 vellet
1108 1918 1157 1943 hn-

193 1969 258 1994 bere
282 1971 406 1993 castrum
436 1965 689 1990 Montiscunmiuin
714 1966 788 1998 qnod
813 1966 925 1999 petebat
948 1966 981 1991 :ih
1005 1974 1037 1991 ea
1061 1966 1157 1993 dictus

193 2017 305 2049 legatus
321 2020 348 2041 et
364 2015 516 2040 restituere
535 2014 610 2039 dicte
626 2013 740 2038 domine
757 2013 891 2039 Atielasie
907 2018 1032 2040 castrum
1052 2015 1157 2042 Montis

191 2066 295 2095 Acuti,
312 2064 386 2098 quod
408 2064 469 2096 ipsa
490 2062 604 2088 domina
621 2062 754 2087 Adelasia
772 2067 798 2088 et
818 2063 860 2088 vir
875 2063 939 2095 ejus
955 2063 1114 2090 concedent
1130 2068 1158 2091 et

192 2114 305 2141 tradent
320 2113 382 2139 sine
404 2120 480 2137 mora
496 2111 604 2137 dictum
626 2115 752 2136 castrum
769 2110 1024 2138 Montiscutianum
1041 2112 1156 2139 domino

192 2172 263 2197 pape
280 2171 330 2196 pro
346 2161 468 2187 ecclesia
486 2159 615 2186 Romana
631 2163 658 2186 et
674 2160 864 2194 assignabunt
879 2161 945 2186 illud
961 2161 1006 2187 cui
1022 2161 1157 2189 dominus

192 2220 264 2246 papa
280 2209 456 2236 mandaverit
467 2208 618 2242 assignari.

227 2260 333 2286 Actum
350 2259 377 2285 in
397 2258 499 2292 palatio
517 2257 597 2290 regni
613 2256 756 2283 Tui-ritant
777 2257 811 2283 de
833 2258 957 2288 Ardera.
975 2267 1070 2286 coram
1088 2260 1158 2286 sub-

192 2308 309 2343 scriptis
325 2308 458 2338 testibus,
471 2306 604 2332 videlieet
615 2306 766 2334 (10011110...
780 2306 915 2341 episcopo
927 2306 1157 2342 Empui·iensi‚...

192 2357 293 2383 abbate
319 2357 352 2382 de
375 2355 519 2387 Saccaria,
542 2354 657 2381 domino
679 2354 831 2380 Lamherto
856 2356 957 2381 abbate
979 2356 1013 2382 de
1037 2356 1158 2392 Falesia,

194 2405 262 2432 Vito
280 2406 455 2439 presbytero,
475 2403 561 2430 Paulo
578 2407 605 2429 et
617 2403 749 2429 Johanue
766 2404 800 2429 de
814 2404 912 2430 ordine
925 2403 1055 2432 Fratrum
1068 2406 1160 2433 Mino-

192 2463 265 2488 rum,
283 2454 418 2487 magistro
436 2453 603 2479 Benencasa
620 2453 759 2478 canonico
772 2453 863 2478 sancti
878 2453 1025 2480 Michaelis
1040 2454 1159 2489 Lucani,

192 2503 349 2529 Benedicto
375 2503 479 2528 clerico
505 2502 597 2528 sancti
622 2501 759 2536 Stephani
779 2502 813 2528 de
838 2502 951 2532 Alam-0.
976 2503 1107 2530 Johanne
1132 2509 1161 2532 et

195 2552 350 2578 Thomasio
364 2551 476 2577 civibus
492 2551 665 2584 Alaltlrinis,
683 2554 710 2577 et
725 2550 813 2577 Conio
826 2551 859 2577 de
874 2551 999 2583 Verulis,
1017 2556 1044 2578 et
1061 2553 1159 2580 multis

192 2601 265 2627 aliis.

194 2780 219 2806 1.
237 2781 361 2811 Ardera,
381 2781 409 2807 111
428 2782 496 2807 avril
517 2781 593 2807 1237.
609 2795 644 2801 —
660 2780 808 2813 Muratori,
826 2783 902 2813 Ant„
920 2786 938 2808 t.
957 2781 1007 2813 VI,
1026 2791 1053 2816 p.
1072 2782 1114 2809 19.
1127 2798 1160 2802 —

158 2828 309 2861 Adelasia,
326 2829 362 2855 (lu
385 2833 605 2855 consentement
621 2830 655 2855 de
672 2837 723 2855 son
743 2830 822 2861 mari,
840 2830 972 2863 s'oblig0,
992 2831 1043 2856 elle
1064 2836 1092 2858 et
1112 2839 1160 2858 ses

159 2884 362 2910 successcuis,
387 2879 402 2903 ῐι
427 2878 570 2912 echanger
594 2879 617 2904 le
644 2879 762 2904 chateau
789 2878 823 2905 de
849 2878 943 2905 Monte
964 2880 1073 2911 Acuto,
1096 2880 1160 2914 deja

160 2924 254 2951 donne
269 2934 303 2951 au
324 2926 523 2963 &tint-siege,
542 2935 611 2952 avec
627 2927 701 2953 celui
718 2927 753 2953 de
769 2927 866 2953 Monte
883 2927 1018 2961 Cutiano‚
1036 2928 1087 2955 des
1102 2937 1159 2963 que

158 2972 186 2998 le
201 2981 271 3007 pape
288 2981 321 2999 en
340 2975 521 3000 manisestera
536 2975 561 3000 le
576 2974 662 3001 desir.

1306 384 1366 418 Ego
1388 384 1546 419 Gregorius
1567 388 1750 411 sacrosancte
1774 384 1903 411 Romane
1928 385 2049 411 ecclesie
2069 385 2235 412 scriniarius

1271 433 1305 458 de
1328 433 1460 459 mandato
1481 433 1549 459 dicti
1571 433 1678 459 domini
1704 433 1788 467 legati
1812 433 1865 459 1100
1885 433 2108 460 instrumentum
2132 434 2236 461 scribsi

1271 484 1299 507 et
1315 481 1445 515 conpleri
1469 489 1590 515 meoque
1614 481 1697 515 signo
1718 482 1830 515 signavi
1851 485 1879 508 et
1900 482 1926 508 in
1952 482 2093 516 publicam
2115 483 2235 509 formam

1272 529 1379 564 redegi.

1306 578 1340 604 Et
1357 587 1411 612 ego
1428 578 1564 605 Nicolaus
1580 578 1751 605 Ferentinus
1766 583 1865 605 sancte
1883 578 2010 605 Romane
2026 579 2148 606 ecclesie
2164 579 2237 606 scri-

1273 629 1382 654 niarius
1399 628 1451 653 hoc
1474 629 1697 654 instrumentum
1719 629 1795 654 sicut
1815 628 1909 655 inveni
1928 628 1954 654 in
1975 628 2101 663 predicto
2123 628 2236 663 publico

1271 680 1299 702 et
1315 677 1460 702 autentico
1477 676 1682 708 instrumento,
1705 677 1740 702 nil
1765 677 1873 703 addens
1890 678 1932 703 vel
1949 678 2082 703 minuens
2106 677 2149 703 vel
2171 685 2237 704 mu-

1273 729 1347 756 tans,
1364 724 1398 750 (10
1416 725 1502 750 verbo
1518 725 1552 750 ad
1569 725 1686 751 verbum
1704 726 1852 752 actoritate
1872 726 1950 752 sedis
1965 726 2122 760 apostolice
2145 734 2238 752 exem-

1273 774 1345 807 plavi
1362 778 1390 799 et
1405 775 1520 807 signum
1538 774 1601 799 feci.

1240 927 1432 961 [cccxxiii.
1451 943 1482 947 —
1504 927 1609 954 Cam-us
1632 936 1757 957 00110011
1783 937 1917 955 muntium
1939 937 2001 955 nont
2018 937 2133 956 11100οτ1
2149 937 2237 956 tat-:arri

1271 985 1323 1003 PRO
1338 986 1466 1003 Jcoicmi
1484 977 1644 1003 Tunniusso
1658 979 1675 1003 ¹.

1306 1078 1324 1110 ἦ
1347 1077 1378 1103 111
1401 1078 1514 1104 00111100
1536 1078 1642 1104 domini
1662 1078 1750 1104 nostri
1766 1077 1837 1104 Jesu
1854 1078 1971 1105 Christi.
1993 1078 2054 1104 Hoc
2076 1082 2120 1105 est
2139 1087 2239 1105 exem-

1273 1127 1350 1160 plum
1367 1128 1411 1160 cuj
1420 1127 1517 1153 tisdam
1536 1127 1641 1161 publici
1659 1127 1842 1153 instrumenti
1860 1127 1947 1161 hujus
1964 1129 2073 1153 tenoris
2090 1137 2096 1153 ε

1307 1173 1807 1206 1110010100110111101,110100.Α1100
1821 1175 1934 1201 Domini
1948 1175 2185 1209 Mccxxxvu,
2200 1176 2239 1202 in-

1273 1223 1397 1249 dictione
1411 1223 1462 1254 xl,
1483 1228 1609 1258 tempore
1626 1224 1732 1250 (10111101
1749 1224 1879 1258 Gregorii
1901 1223 1986 1250 Vtin
2004 1233 2073 1258 pape
2089 1233 2164 1250 anno
2181 1223 2238 1257 XI,

1273 1274 1355 1298 tertia
1371 1273 1415 1298 (110
1438 1276 1561 1298 exeunte
1587 1281 1684 1298 mense
1708 1273 1783 1298 maii.
1811 1272 1908 1298 Pateat
1931 1273 2065 1299 omnibus
2088 1272 2240 1299 manifeste

1273 1321 1347 1355 quod
1363 1321 1476 1346 domina
1489 1321 1623 1346 Adelnsia
1636 1322 1732 1355 regina
1743 1321 1894 1347 Turi-itant).
1906 1326 1933 1347 et
1945 1321 2126 1347 Galim-ensis
2137 1326 2240 1356 sponte

1274 1374 1302 1395 et
1319 1370 1392 1395 bona
1409 1370 1553 1395 voluntate
1571 1378 1783 1403 recognoscens
1806 1370 1964 1396 dominium
1985 1374 2013 1396 et
2037 1370 2240 1404 proprietatem

1270 1418 1419 1452 judit-atus
1434 1418 1577 1444 Turi-ilani
1595 1418 1627 1444 ad
1646 1418 1802 1444 Romanam
1818 1419 1969 1444 ecclesiam
1988 1419 2139 1453 pertinere,
2155 1427 2169 1444 a
2185 1426 2241 1452 qua

1273 1470 1301 1492 et
1318 1476 1367 1501 pro
1389 1475 1444 1500 qua
1462 1467 1574 1501 publice
1597 1471 1641 1492 est
1661 1467 1793 1493 confessa
1810 1475 1840 1492 se
1862 1468 1964 1493 habere
1986 1472 2082 1493 tenere
2099 1472 2126 1492 et
2145 1467 2241 1501 possi-

1274 1517 1349 1547 dere,
1369 1518 1454 1550 cujus
1477 1517 1690 1542 investitionem
1708 1516 1805 1542 eadem
1826 1516 1940 1542 domina
1962 1516 2112 1542 Turi-itanu
2134 1515 2242 1550 recepit

1274 1574 1323 1600 per
1340 1574 1442 1591 manus
1459 1566 1589 1599 magistri
1606 1566 1760 1592 Alexandri
1776 1565 1912 1600 capellani
1930 1569 1957 1591 et
1973 1565 2058 1599 legati
2074 1564 2241 1600 Apostolice

1274 1614 1374 1641 Sedis:
1393 1619 1509 1648 propter
1524 1614 1599 1648 quod
1618 1616 1747 1648 promisit
1763 1615 1885 1648 singulis
1901 1614 1985 1640 annis
2003 1614 2117 1640 nomine
2134 1621 2241 1640 census

1275 1664 1386 1689 solvere
1402 1668 1430 1689 et
1445 1663 1511 1689 dare
1526 1668 1649 1697 quatuor
1666 1663 1751 1689 libras
1768 1663 1833 1689 honi
1850 1663 1961 1697 argenti
1976 1663 2098 1689 ecclesie
2114 1662 2241 1688 Romane

1275 1712 1318 1737 vel
1331 1713 1394 1746 ejus
1406 1715 1484 1737 certo
1503 1712 1610 1737 nuntio.
1631 1712 1674 1737 Ad
1692 1713 1777 1745 eujus
1792 1712 1964 1737 solutionem
1976 1720 2006 1737 se
2019 1720 2146 1745 suosque
2161 1711 2243 1737 bere—

1274 1761 1325 1787 des
1341 1761 1485 1795 legitimos
1506 1766 1534 1787 et
1560 1770 1748 1787 successores
1775 1767 1912 1796 perpetuo
1936 1761 2081 1794 obligavit.
2110 1760 2243 1786 Protei-ea

1275 1812 1375 1837 statuit
1390 1815 1417 1837 et
1432 1811 1552 1837 firmiter
1567 1811 1709 1836 ordinavit
1727 1815 1755 1836 nt
1777 1811 1801 1836 si
1818 1811 1927 1845 absque
1945 1810 2081 1842 legitimis
2100 1810 2164 1835 filiis
2181 1818 2243 1835 mo-

1276 1865 1400 1892 reretur,
1419 1865 1475 1885 tota
1493 1865 1565 1886 terra
1581 1860 1729 1893 judicatus
1751 1859 1897 1885 Turritani
1920 1861 1952 1885 ad
1977 1858 2132 1884 Romanum
2150 1858 2243 1885 eccle-

1275 1911 1363 1942 siam,
1385 1911 1470 1942 cujus
1487 1914 1547 1940 est,
1567 1909 1652 1934 libere
1670 1912 1846 1938 revertaturg
1864 1912 1892 1933 01
1908 1907 2039 1933 Similiter
2061 1907 2085 1933 si
2106 1907 2154 1933 filii
2177 1908 2243 1941 ejus

1275 1960 1337 1984 sine
1353 1958 1419 1984 filiis
1435 1958 1616 1989 decederent,
1634 1958 1709 1983 (110111
1727 1961 1799 1983 terra
1813 1957 1962 1991 judicatus
1978 1956 2122 1982 Turritani
2138 1955 2172 1981 ad
2189 1955 2242 1981 Se-

1275 2008 1338 2034 dem
1354 2007 1549 2042 Apostolicam
1567 2007 1742 2032 devolvatur.

1311 2058 1416 2084 Actum
1438 2057 1466 2082 in
1488 2057 1590 2090 palatio
1607 2055 1686 2089 regni
1703 2055 1846 2081 Turi-itam
1863 2054 1897 2080 de
1914 2053 2037 2084 Ardera,
2056 2062 2151 2080 coram
2173 2052 2244 2078 sub-

1275 2107 1392 2134 scribtis
1408 2107 1542 2138 testibus,
1562 2105 1692 2131 videlicet
1709 2105 1825 2130 domino
1840 2103 1973 2129 Johanne
1989 2103 2125 2137 episcopo
2142 2102 2243 2128 Gisar-

1276 2157 1388 2188 eliensi,
1454 2155 1555 2181 abbate
1571 2154 1605 2180 de
1624 2154 1767 2184 saccaria,
1785 2153 1899 2178 domino
1920 2151 2072 2178 Lamberto
2090 2151 2192 2176 abbate
2207 2149 2243 2176 de

1276 2205 1402 2238 Falesia,
1425 2204 1556 2230 Johanne
1580 2204 1686 2236 majore
1706 2202 1740 2227 (le
1760 2210 1888 2235 camera,
1906 2200 2062 2226 Benedicto
2084 2200 2188 2226 clerico
2208 2198 2243 2224 de

1276 2255 1376 2285 Alatro
1389 2276 1395 2286 ,
1426 2253 1564 2287 magistro
1596 2251 1763 2277 Benencasa
1791 2250 1929 2276 canonico
1968 2248 2064 2275 Sancti
2094 2247 2244 2275 Michaelis

1277 2303 1394 2333 Lucani,
1411 2307 1439 2328 et
1454 2302 1517 2328 aliis
1534 2301 1640 2327 multis.

1312 2351 1373 2385 Ego
1390 2351 1548 2385 Gregorius
1565 2353 1749 2376 sacrosancte
1766 2348 1895 2374 Romane
1912 2347 2034 2373 ecclesie
2057 2345 2241 2376 501101111105,

1277 2401 1311 2426 (10
1335 2400 1466 2426 mandato
1487 2399 1555 2425 dicti
1576 2399 1684 2424 donnini
1705 2398 1790 2432 legati
1813 2398 1867 2423 hoc
1890 2397 2114 2422 instrumentum
2137 2393 2243 2420 scribsi

1277 2454 1304 2475 et
1325 2450 1466 2484 complevi
1489 2457 1609 2482 meoque
1630 2449 1713 2482 signo
1734 2447 1846 2481 signavi
1861 2450 1889 2472 et
1909 2447 1936 2472 in
1959 2445 2103 2479 publicam
2122 2444 2243 2470 formam

1277 2498 1384 2532 redegi.

1312 2547 1347 2573 Et
1362 2555 1415 2581 ego
1431 2545 1568 2572 Nicolaus
1586 2545 1757 2571 Ferentinus
1773 2548 1872 2571 sancte
1887 2543 2015 2570 Romane
2032 2542 2154 2569 ecclesie
2169 2541 2243 2568 scri-

1277 2598 1396 2629 niarius,
1418 2597 1472 2622 1100
1489 2597 1711 2622 instrumentum
1729 2595 1805 2620 sicut
1820 2593 1915 2619 inveni
1934 2594 1962 2618 in
1983 2591 2110 2627 predicto
2129 2590 2244 2625 publico

1277 2651 1304 2673 et
1326 2645 1471 2672 autentico
1489 2645 1696 2676 instrumento,
1715 2643 1752 2669 nil
1772 2642 1880 2668 addens
1897 2641 1939 2667 vel
1963 2642 2097 2667 minuens
2113 2639 2156 2665 vel
2178 2647 2242 2665 mu-

1278 2830 1302 2856 t.
1322 2829 1443 2860 Ardera,
1459 2828 1492 2854 ‘29
1509 2827 1564 2853 mai
1586 2826 1663 2853 1‘237.
1679 2839 1715 2845 —
1734 2824 1886 2855 Muratori,
1903 2824 1980 2855 Ant„
1997 2826 2017 2848 t.
2036 2821 2084 2852 VI,
2103 2830 2130 2855 p.
2149 2820 2191 2847 19.
2209 2834 2242 2839 —-

1241 2879 1280 2905 La
1298 2890 1309 2901 n
1329 2879 1406 2904 reine
1424 2890 1435 2901 »ι
1453 2877 1587 2903 Adelasia
1604 2873 1750 2902 reconnait
1767 2873 1791 2899 la
1807 2872 1984 2899 suzerainete
2000 2871 2038 2897 du
2057 2869 2242 2903 Saint-Siege

1242 2936 1292 2954 sui·
1315 2935 1346 2953 sa
1369 2926 1548 2961 principaute
1568 2930 1596 2950 et
1619 2923 1754 2957 s'engage
1775 2923 1788 2947 a
1814 2929 1900 2956 payer
1923 2928 1960 2946 un
1985 2926 2056 2946 cens
2078 2918 2184 2944 annuel
2207 2917 2242 2943 de

1242 2980 1342 3011 quatre
1358 2975 1452 3002 livres.
1470 2974 1512 3001 Cf.
1530 2973 1687 3005 ci-dessus,
1705 2981 1732 3006 p.
1748 2971 1811 2997 235.
