2392 3571
167 360 226 390 456

211 424 297 452 modo
313 424 440 460 quolibet
454 423 585 459 pertinet
600 426 625 450 et
646 430 690 449 res
711 425 736 449 et
753 420 951 457 possessiones
967 423 1084 447 nostras
1099 425 1175 454 quas

210 477 243 504 in
261 484 290 504 eo
307 476 391 503 intus
406 479 431 502 et
447 474 557 509 deforis
573 473 715 501 habemus
736 477 845 507 tenere,
868 471 1018 509 possidere
1035 475 1060 498 et
1076 471 1174 505 faeere

212 526 359 564 quicquid
374 526 504 554 ¹voluerit
518 534 644 562 semper.
662 525 790 561 Insuper
800 524 990 553 concedimus
1005 527 1030 550 ct
1046 521 1173 549 manda-

210 588 281 608 mus
297 579 377 607 vobis
390 587 446 615 pro
461 578 538 606 dieto
553 578 676 606 domino
688 586 768 615 papa
788 582 812 605 et
830 581 888 605 tota
905 577 1039 604 Romana
1052 574 1173 603 ecclesia

212 631 423 669 procuratorio
442 631 564 659 nomine
579 639 665 658 omnc
676 630 732 666 jus
751 634 777 657 et
800 638 915 658 omnem
941 628 1085 656 actionem
1104 635 1174 663 per-

210 684 342 712 sonalem
363 687 388 711 et
407 683 436 711 in
456 692 515 711 rem
531 687 590 711 tam
608 683 698 711 ctiam
714 682 753 710 ad
768 682 917 719 assendum
936 690 1026 717 quam
1044 679 1082 707 ad
1098 678 1175 707 esci-

211 736 359 773 piendum
384 735 462 771 quod
484 736 613 771 quamve
634 735 665 763 in
686 735 766 763 dicto
787 739 883 763 castro
907 738 932 762 et
956 732 1129 761 tenimentis
1149 736 1175 759 et

209 788 406 826 pertinentiis
422 789 485 824 ejus
501 788 644 816 habemus
666 788 751 815 intus
771 792 796 815 et
812 787 922 822 deforis
937 791 962 814 et
980 789 1111 822 respectu
1130 784 1176 812 vel

211 841 362 869 occasione
378 841 442 876 ejus
458 841 602 868 habemus
620 840 663 869 vel
678 840 783 868 habere
801 838 1006 876 quoquomodo
1023 845 1176 874 possemus

211 893 373 921 adeersum
392 901 614 929 quamcumque
626 901 787 929 personam
805 892 956 920 ecclesium
977 890 1020 918 rel
1039 890 1134 918 locum
1151 894 1176 917 et

212 945 382 983 specialiter
403 945 548 973 ‹ulrersus
573 945 708 973 homines
726 949 751 972 ct
769 944 950 972 habitatores
971 943 1044 970 dicti
1064 942 1173 975 castri,

215 1007 289 1036 quos
306 1007 408 1026 ornnes
425 999 459 1025 ab
476 999 560 1026 omni
577 998 699 1026 vinculo
710 997 886 1034 juramenti
903 1001 928 1024 et
946 996 1103 1032 fidelitatis
1119 1004 1176 1031 quo

212 1052 298 1081 nobis
314 1056 453 1080 tenentur
469 1052 665 1086 absolvimus,
685 1052 725 1079 ita
748 1056 777 1079 ut
796 1052 872 1078 sicut
894 1050 975 1077 nobis
990 1049 1135 1085 fidelitate
1151 1053 1176 1076 et

212 1109 403 1134 sacramento
415 1113 507 1140 usque
519 1104 604 1132 modo
613 1105 739 1139 fuerunt
751 1103 806 1131 dett
816 1103 870 1137 nti,
884 1103 924 1130 ita
936 1102 1042 1130 ttituulo
1057 1102 1114 1138 ipsi
1125 1101 1178 1128 (Io-

212 1158 382 1194 minopape
398 1161 423 1185 ct
438 1157 655 1185 suceessoriints
671 1157 734 1191 ejus
752 1156 841 1183 libere
854 1159 1024 1182 teneantur.
1041 1154 1177 1182 l'reterea

214 1211 296 1239 vobis
309 1211 362 1238 sub
378 1219 454 1247 pena
473 1210 563 1237 totius
576 1209 707 1246 predicti
721 1209 812 1245 pretii
827 1208 923 1244 dupli.
945 1212 974 1234 ut
991 1207 1104 1235 dictum
1125 1210 1174 1241 est,

214 1272 269 1301 pro
288 1263 351 1300 ipso
369 1263 491 1291 domino
507 1272 585 1299 papa
602 1262 815 1298 procuratorio
833 1261 953 1288 nominc
968 1259 1180 1296 promittimus

213 1321 240 1344 et
260 1316 345 1344 laetis
360 1315 561 1343 sacrosanctis
580 1315 745 1351 eranyeliis
759 1315 907 1349 juramus
923 1313 1027 1340 omnia
1042 1312 1179 1348 predicta

215 1369 370 1397 observare
386 1373 411 1395 et
428 1368 509 1395 dictu
517 1377 541 1395 m
560 1372 692 1395 castrum
713 1375 762 1394 nec
778 1366 899 1402 aliquid
915 1374 949 1393 cnr
963 1365 1137 1393 tenimentis
1153 1369 1178 1392 ct

214 1420 410 1457 pertinentiis
424 1421 487 1455 ejus
503 1420 584 1447 intus
599 1424 624 1447 et
641 1419 751 1454 deforis
765 1427 799 1446 ea·
815 1427 872 1454 quo
890 1417 967 1445 illud
985 1418 1043 1454 ipsi
1056 1417 1179 1445 domino

212 1482 289 1511 pape
318 1473 440 1501 retulere
465 1477 490 1500 ct
515 1473 586 1500 dare
613 1472 809 1499 convenimus
835 1472 915 1499 nulli
940 1471 997 1498 alii
1023 1471 1177 1507 offliyassc,

216 1527 403 1560 concessisse,
428 1526 470 1553 ecl
487 1526 578 1553 aliter
595 1526 751 1558 alienasse,
771 1529 796 1551 et
817 1524 936 1560 siquod
952 1523 978 1551 tlt
987 1523 1081 1551 bitum
1100 1524 1132 1551 in
1150 1532 1180 1551 eo

218 1580 361 1608 habemus
376 1579 490 1615 precise
511 1579 624 1607 solvere
644 1582 668 1605 et
693 1577 770 1605 illud
785 1577 892 1613 absque
906 1567 983 1605 mole
1000 1576 1091 1604 debiti
1107 1577 1180 1604 libc-

213 1640 301 1667 rare,·
318 1636 342 1660 et
359 1632 391 1659 de
412 1631 467 1659 lun·
487 1639 577 1659 causa
596 1631 692 1666 ipsum
713 1630 873 1658 dominum
895 1638 1005 1666 papam
1023 1634 1048 1658 ct
1065 1638 1179 1658 sucees—

214 1694 294 1713 sorcs
323 1684 387 1720 ejus
418 1684 526 1720 absque
553 1692 683 1720 persona
716 1683 893 1720 indempnes
925 1691 1123 1717 conservare;
1155 1687 1180 1710 ct

215 1739 242 1766 si
268 1747 322 1775 per
349 1738 559 1774 oblifflitunicm
591 1737 805 1765 concessionem
841 1737 887 1764 ⁴cet
916 1737 1134 1765 alienationem
1162 1744 1180 1763 a

214 1792 301 1820 nobis
331 1791 440 1826 factam
472 1791 530 1827 ipse
557 1790 699 1817 dominus
727 1798 806 1826 papa
839 1789 882 1817 rel
908 1798 1088 1817 successores
1117 1789 1180 1825 ejus

216 1844 383 1881 dampnum
423 1843 547 1879 aliquod
583 1847 642 1870 tani
683 1843 891 1879 impensarum
931 1843 1052 1871 nominc
1088 1851 1178 1878 quum

215 1898 307 1925 aliter
328 1897 448 1932 dejure
469 1896 572 1932 (tliquo
593 1897 622 1923 in
646 1900 774 1932 tempore
794 1896 962 1932 patientur.
990 1896 1100 1932 (litanti
1124 1896 1182 1923 erit

220 1950 387 1986 dampnum
421 1949 499 1976 tanti
532 1950 562 1976 in
591 1949 730 1976 ‹mnibns
755 1949 827 1976 alit's
860 1949 944 1976 rebus
973 1953 998 1976 et
1022 1949 1182 1985 possessio-

216 2004 307 2031 nibus
324 2003 434 2030 nostris
449 2003 490 2029 eis
508 2001 774 2038 placentibusjure
788 2002 928 2038 pigynoris
944 2006 969 2029 ct
983 2002 1113 2038 plciurie
1126 2010 1182 2029 no-

217 2057 300 2084 minc
314 2061 338 2083 ct
353 2056 532 2084 auctoritate
547 2055 672 2091 propria
689 2055 860 2089 rendiccnt;
877 2059 902 2082 ct
918 2056 945 2083 si
962 2064 1014 2083 nos
1027 2060 1079 2082 aut
1096 2055 1182 2083 herc-

217 2109 266 2137 dcs
284 2109 328 2137 rel
344 2117 523 2137 successores
540 2108 636 2135 nostri
652 2108 857 2136 contradicere
873 2108 1122 2145 temptacerintus
1139 2108 1185 2136 'cel

219 2162 433 2199 temptaverint
458 2170 474 2189 a
495 2161 568 2197 jure
596 2161 673 2197 quod
693 2161 726 2189 in
747 2161 854 2189 eisdem
880 2161 965 2189 bonis
985 2161 1184 2190 habuerimus

217 2215 343 2244 omnino
368 2215 512 2242 cadamus
532 2219 556 2242 ct
585 2215 684 2251 ipsum
707 2213 874 2251 dampnum
902 2214 1013 2251 duplex:
1037 2215 1184 2243 resarcire

215 2267 428 2305 promittimus
441 2271 466 2294 et
485 2271 630 2301 tenemur,
652 2271 676 2294 ct
690 2275 745 2303 pro
764 2267 824 2304 ipso
841 2266 972 2304 dampno
983 2267 1019 2301 si,
1037 2267 1115 2303 quod
1131 2267 1183 2295 ab-

217 2320 266 2354 sit,
288 2319 431 2347 acciderit
449 2319 530 2347 'cobis
546 2327 601 2355 pro
622 2319 682 2355 ipso
701 2319 823 2347 domino
844 2327 925 2356 papa
946 2323 971 2346 ct
991 2319 1112 2347 ecclesia
1129 2320 1185 2348 Ro-

218 2380 313 2400 mana
326 2372 496 2407 specialiter
512 2371 680 2407 obliyamus
696 2380 740 2399 oni
748 2380 797 2399 nes
815 2381 859 2399 res
870 2373 1101 2408 etpossessiones
1115 2381 1185 2400 nos-

220 2429 283 2453 tras
295 2425 412 2460 quasin
426 2424 538 2461 Septem
556 2425 681 2452 b'alncus
693 2425 738 2453 'ccl
750 2425 823 2452 alibi
833 2425 985 2460 ltabwnus,
999 2429 1023 2452 ct
1033 2430 1182 2461 quantum

219 2478 258 2506 ad
272 2478 457 2513 dampnurtt,
478 2478 504 2504 si
520 2477 677 2512 acciderit!
702 2478 834 2514 pertinet
852 2486 908 2514 pro
932 2479 1015 2506 nobis
1029 2483 1055 2506 ct
1074 2479 1186 2506 nostris

219 2531 379 2560 heredibus
394 2535 419 2558 et
437 2531 655 2559 suecessoribus
673 2540 689 2559 a
716 2532 794 2559 cobis
812 2540 868 2568 pro
888 2532 951 2569 ipso
969 2532 1092 2561 domino
1105 2542 1187 2570 papa

218 2589 243 2612 et
265 2585 330 2620 ejus
355 2584 570 2612 successoribus
596 2584 735 2620 precario
762 2589 787 2612 et
813 2593 915 2612 corum
944 2587 1065 2614 nomine
1091 2587 1187 2623 possi-

220 2637 334 2665 demus.
354 2637 388 2664 Et
404 2637 508 2664 omnia
528 2637 729 2665 iustrumenta
751 2642 776 2665 et
796 2638 963 2674 prieileyia
981 2638 1053 2666 huic
1065 2640 1144 2674 sacta
1162 2644 1188 2667 et

219 2689 391 2718 venditioni
416 2689 611 2725 competentia
631 2697 686 2725 quc
710 2689 853 2718 habemus
880 2695 905 2718 et
928 2699 983 2726 quc
1006 2692 1188 2727 quantocius

220 2741 327 2769 habere
342 2742 408 2769 sine
429 2740 538 2775 fraude
557 2741 724 2777 poterimus
749 2742 807 2779 ipsi
828 2742 951 2771 domino
967 2752 1043 2780 pape
1061 2748 1086 2772 ct
1106 2744 1189 2772 vobis

219 2801 276 2830 pro
292 2802 322 2820 co
340 2793 411 2821 dare
424 2793 637 2829 prennittimus
649 2795 832 2830 etJ'uramus
845 2800 870 2823 et
882 2796 1052 2833 specialiter
1069 2797 1190 2825 instru-

223 2849 358 2872 mentum
378 2845 454 2881 qnod
472 2846 556 2873 Petro
574 2846 697 2883 Capocio
717 2847 748 2875 in
767 2848 828 2884 ipso
842 2853 939 2876 castro
954 2848 1100 2884 ficticium
1116 2850 1190 2885 feei-

223 2905 294 2925 mus
309 2898 347 2924 ad
365 2906 483 2925 sensum
503 2898 595 2934 hujus
610 2899 691 2926 scrin
699 2899 774 2927 iarii
787 2900 880 2928 deleri
894 2902 1054 2936 faciemus.

261 2949 306 2978 Ait
323 2950 372 2977 lice
386 2954 449 2977 aut<
460 2959 484 2977 m
505 2960 553 2986 cyo
570 2951 674 2979 Petrus
689 2952 834 2988 Capoci‘us
846 2954 1018 2990 specialiter
1029 2955 1061 2982 ob
1074 2955 1105 2983 id
1119 2955 1191 2983 huic

225 3001 398 3030 venditioni
416 3004 567 3030 consentio
583 3008 608 3031 et
624 3004 832 3042 quodcumque
842 3006 895 3042 jus
906 3006 938 3034 in
948 3007 1083 3043 predicto
1094 3013 1192 3036 castro

712 355 760 383 LE
785 353 929 383 LIBER
952 350 1187 382 CENSUUM
1209 349 1264 379 DE
1289 339 1474 379 L⁷13G1118E
1497 348 1709 379 ROMAINE.

1294 415 1378 443 intus
1394 419 1419 443 et
1435 415 1546 450 deforis
1562 415 1650 443 liabeo
1666 415 1818 443 occasione
1830 414 1959 451 predicti
1978 414 2177 442 instrumenti
2194 422 2260 442 om-

1296 467 1370 495 nino
1383 468 1481 502 refuto
1495 471 1521 495 et
1534 467 1632 504 ipsum
1651 467 1889 495 instrumentum
1904 471 1930 495 et
1944 467 2007 503 ejus
2020 466 2100 495 dicta
2114 475 2224 495 evacuo
2234 470 2261 494 et

1295 519 1390 548 deleri
1402 520 1500 555 facere
1514 520 1661 556 promitto
1676 520 1729 547 sub
1743 528 1821 556 pena
1833 519 1966 556 predicti
1979 519 2072 556 pretii
2087 519 2185 556 dupli.
2201 519 2262 547 No-

1296 572 1418 600 vissime
1429 580 1468 600 au
1475 576 1530 600 tem
1544 580 1594 600 nos
1603 571 1757 609 predictus
1764 571 1958 599 Malabranca
1967 575 1992 599 et
2000 571 2263 608 Jacobuspatruus

1296 633 1412 661 quoque
1430 629 1455 653 ct
1471 633 1559 662 nepos
1572 633 1628 662 pro
1643 625 1724 653 nobis
1733 629 1759 653 et
1770 624 1881 652 nostris
1890 624 2047 652 heredibus
2056 624 2261 652 etsuceessori-

1298 677 1351 705 bus
1367 677 1446 705 cobis
1457 686 1512 714 pro
1524 677 1601 705 dicto
1615 677 1738 705 domino
1749 685 1830 714 papa
1842 681 1867 704 et
1880 681 1939 704 tota
1952 676 2088 704 Romana
2101 676 2223 704 ecclesia
2237 680 2263 704 et

1298 730 1363 766 ejus
1377 731 1595 758 suecessoribus
1610 731 1688 759 hanc
1707 729 1922 765 venditionem,
1941 730 2170 763 concessionem,
2188 729 2264 757 obli-

1295 783 1447 819 §ationem
1466 787 1491 810 et
1509 783 1612 810 omnia
1631 791 1687 819 que
1702 782 1839 810 seriatim
1857 782 1998 818 superius
2013 781 2197 810 denotantur
2213 781 2264 809 ob-

1297 843 1426 870 servare,
1447 834 1602 870 defendere
1621 839 1646 863 et
1663 834 1829 872 adimplere
1846 835 2059 871 procuratorio
2078 834 2209 870 nominc,
2230 837 2265 862 ut

1298 887 1410 915 dictum
1424 891 1483 922 est!
1505 887 1626 915 nomine
1639 887 1769 924 pleiarie
1792 891 1817 915 ct
1836 887 2056 924 principaliter
2071 886 2265 923 obliqationis

1294 941 1508 977 promittimus
1526 940 1578 967 sub
1594 940 1673 968 dicto
1693 940 1998 976 vinculojuramenti
2014 944 2040 967 et
2057 940 2109 967 sub
2123 947 2202 976 pena
2220 943 2265 967 to-

1300 993 1360 1020 tius
1380 992 1475 1029 pretii
1496 992 1584 1029 dupli
1608 997 1633 1020 et
1659 993 1753 1020 solute
1775 1001 1849 1029 pene
1875 996 1901 1020 et
1925 992 2061 1029 perjurii
2086 992 2164 1028 quod
2188 992 2266 1020 absit

1297 1049 1384 1072 reatu
1402 1045 1560 1072 commisso
1579 1045 1630 1072 ltec
1648 1044 1871 1072 nichilominus
1886 1044 1920 1072 ‘in
1936 1052 1991 1072 sua
2008 1049 2130 1072 maneat
2146 1044 2266 1072 cartula

1298 1097 1457 1134 firmitate.
1487 1098 1580 1130 (luant
1609 1097 1736 1125 seribere
1760 1097 1938 1133 roqavimus
1963 1097 2059 1126 Jolzan
2067 1106 2131 1125 nem
2162 1097 2266 1125 Leonis

1299 1150 1504 1178 scriniarium
1525 1150 1555 1177 in
1575 1159 1671 1177 mense
1685 1153 1710 1178 et
1726 1149 1890 1178 indictione
1903 1150 2070 1186 prescripta
2084 1150 2132 1178 XI.

1342 1203 1432 1231 Testis
1448 1203 1592 1231 dominus
1607 1202 1780 1230 Leonardus
1791 1202 1918 1231 clericus
1926 1202 2057 1239 predicti
2069 1201 2188 1230 domini
2202 1210 2268 1230 car-

1300 1256 1429 1290 dinalis,
1456 1256 1599 1292 magyister
1620 1255 1763 1291 Iiofridus
1782 1256 1920 1292 Anaynic
1940 1260 1965 1283 et
1986 1255 2129 1292 mauis-ter
2146 1254 2268 1283 Gualte-

1299 1309 1368 1337 rius
1384 1309 1486 1337 clerici
1505 1318 1620 1337 camere
1640 1309 1759 1340 domini
1772 1317 1856 1345 pape,
1877 1308 2003 1337 ⁴lacobus
2018 1309 2155 1342 Seorsus.
2175 1308 2269 1336 Lucas

1300 1362 1334 1390 de
1350 1370 1478 1397 camera,
1499 1362 1669 1397 Pandalfus
1688 1361 1881 1389 I'retacclari.
1970 1358 1971 1361 ’

1339 1415 1399 1451 Eyo
1409 1414 1460 1442 ιΙοΙι
1467 1423 1483 1441 a
1490 1422 1505 1441 n
1513 1423 1561 1441 nes
1572 1414 1645 1441 Leon
1653 1414 1676 1441 is
1687 1418 1788 1441 sancte
1798 1413 1929 1441 Romane
1940 1413 2057 1441 ecclesie
2067 1412 2265 1447 scriniarius,

1301 1468 1558 1504 habenspotcstati
1568 1476 1592 1494 m
1609 1467 1705 1494 dandi
1717 1470 1828 1494 tutores
1839 1470 1864 1494 et
1876 1470 2039 1500 curatores,
2053 1464 2270 1502 emancipandi

1301 1521 1408 1553 etiam,
1435 1520 1584 1548 decretum
1614 1519 1827 1556 interpom‘ndi
1851 1523 1876 1547 et
1901 1519 2048 1547 alimenta
2070 1517 2266 1552 decernendi,

1302 1573 1449 1610 complevi
1466 1577 1491 1600 et
1507 1573 1631 1600 absolvi.

1263 1730 1395 1761 CCIIII.
1408 1748 1444 1753 -—
1458 1731 1710 1760 IssTnusxumcu
1725 1739 1762 1758 nis
1776 1737 2004 1758 REST1TUENDts
2018 1738 2055 1757 ET
2069 1735 2272 1757 Eusssntmms

1303 1793 1402 1813 muzus
1420 1793 1457 1812 ET
1475 1792 1608 1812 DAMPMS
1628 1792 1798 1812 uoummus
1817 1790 2001 1811 CASTRORUM
2021 1781 2216 1810 NAnNfflNffls
2233 1789 2272 1810 ΕΤ

1304 1836 1538 1867 STnoscoN1s1.

1344 1944 1378 1971 In
1417 1943 1539 1971 nominc
1576 1942 1708 1970 Domini.
1741 1943 1829 1969 Anno
1864 1941 2014 1969 dominice
2048 1940 2275 1968 incarnationis

1304 1995 1461 2030 M⁰CC⁰.U',
1480 2004 1561 2024 anno
1575 1995 1671 2023 Xt'ttt
1689 1994 1888 2031 pontificatus
1905 1993 2025 2022 domini
2040 1992 2213 2021 Innocentii
2226 1991 2276 2020 III

1303 2058 1396 2086 pape,
1419 2049 1587 2077 indictione
1607 2049 1707 2082 tertia,
1732 2056 1831 2076 mense
1846 2047 1951 2084 junii,
1977 2046 2025 2075 die
2045 2046 2106 2076 VII.
2126 2046 2185 2074 IIec
2201 2049 2274 2074 sunt

1305 2102 1440 2140 capitula
1460 2111 1515 2138 quc
1538 2110 1589 2129 nos
1606 2101 1804 2129 Innocentius
1825 2101 1978 2137 episeopus
1995 2108 2100 2128 servus
2117 2106 2275 2127 servorum

1304 2157 1356 2185 Dei
1371 2155 1561 2192 precipimus
1580 2154 1658 2183 vobis
1670 2154 1893 2183 Mtrniensibus
1910 2153 1964 2181 sub
1980 2152 2073 2181 debito
2086 2152 2208 2189 prestiti
2224 2159 2276 2180 sa-

1307 2208 1457 2237 cramenti
1476 2216 1526 2236 seu
1537 2207 1714 2244 juramenti
1727 2211 1753 2235 et
1766 2206 1983 2243 fidejussionis.
1997 2206 2034 2234 In
2049 2205 2163 2242 primis
2176 2208 2209 2233 ut
2225 2212 2274 2232 re-

1306 2262 1472 2298 hedt'ftcctis
1497 2261 1602 2289 cestris
1620 2260 1758 2297 carpensis
1777 2263 1913 2288 castrum
1932 2258 1965 2287 de
1982 2258 2146 2287 Stronconc
2163 2262 2225 2286 tam
2240 2257 2275 2286 in

1306 2315 1407 2343 muris
1423 2323 1516 2350 quam
1533 2315 1564 2342 in
1581 2313 1719 2341 domibus
1733 2313 1811 2341 sicut
1827 2312 1889 2348 suit
1904 2316 1984 2340 ante.
2004 2312 2079 2340 Item
2095 2311 2200 2339 omnia
2214 2318 2275 2339 mo-

1305 2368 1380 2396 bilia
1392 2377 1447 2404 que
1463 2368 1492 2395 in
1508 2367 1710 2396 combustione
1721 2366 1815 2394 castri
1830 2365 1983 2403 oeipostea
1997 2364 2166 2393 abstulistis
2179 2363 2276 2392 homi-

1307 2421 1398 2449 nibus
1423 2420 1456 2448 de
1482 2420 1645 2448 Stroneone
1669 2419 1938 2455 adjuramentum
1963 2426 2067 2446 eorum
2092 2417 2146 2454 qui
2171 2416 2276 2445 abstu-

1306 2475 1408 2503 lerunt
1426 2482 1470 2502 res
1487 2474 1567 2510 ipsas
1583 2473 1623 2501 cis
1639 2473 1776 2509 pretium
1798 2471 1841 2500 vel
1862 2480 1907 2499 res
1922 2472 1948 2499 si
1964 2474 2112 2508 apparent
2128 2470 2274 2498 reddatis.

1309 2528 1419 2557 Omnia
1438 2515 1505 2555 vcro
1521 2535 1576 2563 quc
1589 2535 1644 2563 per
1661 2526 1895 2554 combustionem
1915 2524 2030 2562 prefati
2053 2524 2190 2552 homines
2207 2531 2276 2551 am-

1309 2581 1461 2609 miserunt
1478 2579 1646 2608 emendatis
1664 2578 1702 2606 ad
1718 2578 1935 2614 juramentum
1954 2576 2089 2614 dampna
2101 2584 2275 2613 passorum.

1312 2633 1395 2668 Quod
1410 2633 1436 2661 si
1451 2634 1527 2668 sorte
1546 2633 1575 2660 in
1596 2631 1772 2660 estimando
1787 2631 1909 2659 modum
1929 2630 2116 2664 accesserint,
2137 2629 2170 2657 de
2186 2636 2278 2656 man-

1310 2688 1378 2715 dato
1408 2690 1508 2714 nostro
1535 2686 1687 2722 eliyentur
1714 2684 1815 2721 aliqui
1842 2683 1875 2712 de
1903 2683 2077 2712 concivibus
2103 2681 2210 2710 vestris
2238 2680 2278 2710 ad

1311 2865 1335 2891 1.
1353 2853 1443 2898 7jui1'1
1460 2863 1537 2889 1215.
1550 2877 1583 2882 -
1595 2861 1785 2897 Capitulution
1801 2861 1929 2894 imposee
1945 2859 1996 2894 p'ar
2010 2858 2150 2885 Innocent
2164 2857 2206 2883 ΙΙΙ
2222 2865 2279 2883 aux

1273 2920 1346 2946 gens
1358 2912 1392 2938 de
1403 2911 1504 2940 Narni.
1520 2911 1568 2945 qui
1585 2910 1718 2937 s’etaient
1733 2908 1841 2936 rendus
1856 2908 2011 2942 coupables
2027 2907 2061 2932 de
2077 2906 2281 2941 dep··‹}dations

1277 2970 1332 2987 aux
1349 2962 1458 2996 clepens
1474 2960 1508 2986 de
1524 2968 1596 2986 ceux
1614 2959 1648 2985 de
1670 2958 1842 2988 Sti-ancone,
1861 2956 1993 2988 Otricoli,
2011 2955 2123 2982 Amelia
2138 2958 2166 2981 et
2181 2958 2281 2981 autres

1275 3010 1404 3036 localitos
1419 3009 1555 3035 voisiues.
