2392 3571
634 333 685 362 LE
707 332 853 362 LIBER
875 331 1109 361 CENSUUM
1133 331 1187 360 DE
1211 320 1397 360 L'IJJGLISE
1421 329 1630 360 ROMAINE.
2123 329 2181 359 545

125 400 362 434 Lim-iscianum,
380 404 515 428 castrum
529 399 659 432 Abboni,
679 407 779 427 roccas
796 398 906 429 Asisii,
928 397 1093 432 I’nstiqna-

126 461 213 486 num,
225 452 387 481 Nuceriam
401 456 427 480 et
440 456 535 480 totum
547 451 738 480 comitatum.
755 451 926 482 Moranwn,
944 451 1094 485 Compres-

124 510 230 539 setum,
249 505 419 541 Viqnetum‚
432 504 672 540 Cesamlonqam,
686 503 850 535 Fossatum,
862 502 986 530 Monlem
997 501 1095 528 sancti

125 558 250 595 Αροίἱιί,
274 557 403 586 Montem-
426 556 659 589 Baruncellum,
687 555 870 587 Gloranum,
901 554 1090 587 saccariam,

126 609 314 644 Radicatam,
341 614 367 637 et
394 613 490 637 totum
514 608 694 636 comitatum
712 607 908 643 Euqubinnm
933 610 958 633 et
978 614 1093 633 roccam

127 662 272 698 Euqubii‚
289 666 316 689 et
337 665 431 689 totum
450 661 629 689 comitatum
652 659 746 687 Asisii
769 667 854 694 quem
880 666 963 685 nunc
984 657 1095 685 detinet

127 714 238 742 civitas
258 714 341 750 ipsa,
365 717 391 740 et
416 716 547 740 montem
568 711 709 745 Subasio‚
732 715 757 738 et
784 711 887 738 vineas
909 710 942 737 (Ie
965 709 1052 737 costis
1070 713 1096 736 et

125 766 246 802 fructus
260 765 399 801 ipsarum
424 768 450 792 et
469 763 596 800 paludes
616 763 723 797 Asisii,
744 767 769 790 ct
789 763 940 798 percipere
957 761 1025 789 inde
1041 770 1096 797 que

126 818 262 846 volebant
276 821 302 844 et
314 816 532 853 precipiebant;
547 820 572 843 et
589 814 784 851 disponebant
802 814 842 841 ibi
856 815 973 849 lnzjittos
987 823 1055 842 suos
1071 819 1096 842 et

128 870 233 898 omnia
263 868 410 904 faciebant
435 876 491 904 pro
514 876 565 895 sue
590 867 720 895 arbitrio
746 867 934 901 ›voluntatis;
965 871 990 894 et
1021 867 1096 895 dicit

127 922 306 951 Anselmum
323 921 355 949 de
372 921 502 949 Glorano
525 924 605 948 stare
629 919 765 956 baJ'ulum
792 919 880 947 ducis
898 919 927 947 in
950 919 1096 947 comitatu

127 975 306 1011 Euqubino;
333 978 360 1002 et
387 973 462 1002 dicit
491 973 570 1009 quod
599 972 677 1001 vidit
706 972 895 1008 Iquolinum
926 971 960 999 de
984 971 1097 999 Sancta

129 1028 222 1056 Cruce
238 1026 345 1054 habere
361 1030 386 1054 et
404 1030 501 1054 tenere
514 1025 663 1053 Brancam
676 1032 733 1061 pro
745 1023 894 1052 Drabuldo
910 1028 935 1051 et
949 1023 982 1051 de
999 1023 1098 1052 vineis

129 1079 163 1107 de
181 1080 268 1107 costis
286 1079 397 1106 montis
413 1077 550 1111 Subasio,
570 1081 595 1105 et
616 1076 649 1104 de
670 1077 760 1104 terris
776 1080 801 1104 et
817 1076 851 1103 dc
866 1075 1030 1112 paludibus
1044 1084 1098 1103 su-

126 1131 277 1169 pradictis
289 1131 443 1167 percipere
453 1131 573 1165 fructus
588 1133 614 1157 et
630 1137 771 1165 reponere
782 1128 849 1163 sibi,
865 1132 891 1156 et
906 1127 939 1155 de
953 1128 1098 1155 comitatu

128 1184 222 1213 Asisii
235 1183 442 1220 percipiebant
457 1181 605 1218 quicquid
622 1180 756 1210 colebant
774 1185 922 1217 tanquam
938 1181 972 1208 de
987 1189 1052 1209 suo.

170 1235 318 1264 Dominus
334 1235 440 1262 Petrus
460 1234 494 1262 de
516 1233 607 1262 Serra
617 1233 747 1269 juratus
762 1233 837 1261 dicit
855 1233 931 1261 idem
951 1233 1030 1269 quod
1045 1233 1099 1261 do-

129 1287 235 1315 minus
250 1286 447 1323 Suppolinus.

169 1340 324 1376 Dompnus
339 1338 464 1376 Sergius
479 1338 646 1367 monachus
661 1338 760 1366 sancti
774 1338 883 1366 Donati
899 1337 932 1365 de
948 1338 1099 1375 Pulpiano

125 1393 254 1430 juratus
269 1392 344 1420 dicit
360 1391 439 1428 quod
453 1391 532 1420 vidit
544 1391 648 1419 ducem
665 1390 834 1420 Corradum
851 1395 877 1419 et
890 1399 957 1419 suos
974 1391 1100 1419 nuntios

130 1445 317 1479 Diaterram,
338 1444 553 1478 Rambaldum,
572 1444 738 1479 Perfectum
760 1443 795 1471 <Ie
817 1443 932 1471 Gualdo
950 1448 976 1471 et
994 1443 1100 1479 plures

131 1497 218 1531 alios,
233 1501 329 1525 tenere
342 1501 369 1525 et
379 1497 529 1534 possidere
543 1501 676 1524 castrum
689 1497 799 1524 Montis
811 1496 916 1524 Sancti
929 1496 1062 1532 Appoliti
1073 1501 1100 1524 et

132 1554 228 1578 totum
243 1549 420 1578 comitatum
436 1549 643 1584 Euqnbinum,
660 1553 686 1576 et
702 1556 802 1576 omnes
814 1548 925 1576 nobiles
938 1548 1101 1576 comitatus

134 1601 348 1638 respondebant
371 1602 415 1635 ei,
440 1606 466 1629 et
488 1609 550 1629 non
570 1601 645 1635 atii,
665 1605 690 1629 et
708 1601 805 1629 tenuit
821 1605 847 1629 et
861 1601 990 1637 possedit
1010 1601 1099 1629 donec

131 1654 237 1682 amisit
252 1654 417 1688 ‹lucatunz;
437 1658 462 1681 et
483 1653 597 1681 tenebat
613 1657 638 1681 et
652 1652 818 1689 possidebat
836 1657 983 1689 tanquam
999 1653 1100 1681 domi-

131 1716 191 1736 nus
214 1715 269 1744 pro
293 1715 365 1742 suo:
393 1711 419 1735 et
442 1706 520 1735 vidit
546 1706 645 1743 ipsum
669 1705 775 1733 duceni
796 1710 892 1733 tenere
921 1714 1020 1733 roccas
1044 1714 1099 1742 que

132 1764 219 1788 erant
235 1767 325 1796 super
342 1759 407 1796 ipsa
424 1759 547 1787 civitate
561 1758 705 1794 Euqnbii.

170 1812 324 1848 Dompnus
340 1811 481 1839 Robertus
497 1810 666 1839 monachus
689 1810 822 1847 ejusdem
842 1810 959 1839 ecclesie
970 1811 1101 1847 juratus

133 1864 208 1892 dicit
225 1863 302 1892 idem
319 1863 398 1900 quod
411 1863 561 1900 dompnus
574 1862 710 1899 Serqius.

95 2053 317 2084 CCLXXVII.
345 2069 383 2074 —
410 2053 472 2082 Hic
498 2061 554 2081 EST
582 2060 783 2082 CONTRACTUS
806 2061 922 2081 mc'rus
943 2063 961 2081 A
985 2060 1102 2082 mommo

133 2107 303 2136 ALATano
326 2113 480 2135 PanomTo
504 2114 541 2134 os
563 2113 820 2134 APPREHENSIONE
851 2113 943 2134 vnn:
971 2114 1009 2134 ns
1040 2104 1102 2134 Su-

133 2167 228 2189 mmm
243 2160 266 2188 ¹.

174 2278 379 2316 Apprehensio
398 2278 470 2307 Ville
485 2277 623 2314 Subripe.

173 2331 212 2360 In
229 2331 354 2360 nomine
369 2331 502 2366 Domini,
525 2339 627 2359 amen.
643 2331 700 2359 Nos
715 2330 836 2358 Alatrin
844 2338 877 2357 us
893 2329 1012 2357 domini
1027 2337 1103 2366 pape

133 2384 336 2413 subdiaconus
351 2388 378 2412 et
394 2383 580 2420 capellanus,
598 2383 727 2411 ducatus
742 2382 898 2419 Spolctani
920 2386 1024 2416 rector,
1047 2390 1103 2419 ap-

131 2436 352 2475 prehendimus
368 2435 477 2465 villam
492 2435 526 2464 de
539 2435 695 2472 Surripha
711 2443 780 2463 cuin
796 2434 936 2463 omnibus
947 2434 1103 2470 pertinen-

135 2489 188 2518 tiis
201 2489 267 2517 suis
282 2488 322 2517 ad
336 2497 411 2525 opus
426 2488 544 2517 ecclesie
564 2488 694 2516 Romane
715 2495 771 2524 pro
788 2486 987 2523 pertinentiis
1011 2485 1104 2515 Vallis

137 2542 264 2578 Tupine.
281 2541 317 2570 Et
332 2541 507 2578 quicunque
522 2540 640 2569 venerit
656 2544 762 2568 contra
778 2540 877 2576 ipsam
893 2538 1103 2576 apprehensio-

135 2601 205 2622 nem
232 2594 278 2622 vel
301 2601 369 2622 eam
394 2593 565 2630 infrinqere
587 2591 788 2630 presumserit
814 2591 859 2620 cel
888 2591 974 2619 modo
999 2591 1103 2627 aliquo

135 2646 262 2680 violare,
284 2644 610 2674 eoecommunicationis
632 2644 816 2673 sententiam
837 2651 931 2680 quam
952 2651 1035 2671 nunc
1059 2643 1103 2678 fe-

136 2699 238 2728 rimus
252 2707 281 2727 se
296 2698 416 2727 noverit
439 2698 622 2733 incurrisse,
646 2701 672 2726 et
692 2701 795 2734 preter
818 2697 913 2734 ipsam
933 2704 1053 2733 penam,
1077 2695 1104 2723 si

1217 396 1312 431 suerit
1340 396 1449 423 civitas
1477 404 1511 429 M,
1543 396 1569 422 si
1599 402 1731 424 castrum
1763 397 2020 432 quinqentarum‚
2049 397 2074 423 si
2107 396 2180 424 villa

1217 456 1283 482 ccc,
1304 448 1331 474 si
1347 456 1440 475 comes
1461 448 1504 474 rel
1522 448 1593 475 haro
1609 456 1640 477 c,
1659 449 1685 475 si
1704 448 1788 476 miles
1806 457 1836 482 L,
1861 449 1888 476 si
1906 448 1991 484 pedes
2009 456 2065 475 xxx
2086 448 2181 475 libra-

1220 508 1286 527 rum
1314 499 1414 526 banno
1435 500 1519 527 curie
1538 508 1566 526 sc
1588 500 1706 527 noi-erit
1727 500 1878 535 subjacere
1889 511 1897 533 ‚·
1918 501 1944 527 si
1969 508 2035 528 vero
2055 500 2182 527 clericus·

1215 552 1321 587 suerit,
1344 552 1434 587 offitio
1454 557 1478 579 ct
1500 552 1638 587 beneficio
1657 553 1799 588 prii-atus
1815 553 1959 589 spolietur
1977 553 2117 580 omnibus
2132 553 2181 580 bo-

1219 604 1265 631 nis
1281 604 1361 637 suis,·
1380 604 1406 630 si
1422 604 1543 637 mnlier,
1560 612 1632 639 pene
1648 604 1797 640 subjaceat
1814 613 1851 631 xx
1868 604 2032 632 librarum.

1257 657 1362 683 Actum
1392 660 1431 682 cst
1461 656 1513 682 hoc
1547 656 1577 682 in
1612 656 1684 683 vitta
1714 656 1860 692 predicta,
1890 657 1920 683 in
1950 664 2032 684 anno
2059 657 2181 684 Domini

1218 707 1396 736 MCCXXXV,
1435 707 1599 734 indictione
1630 708 1708 741 1'ttt,
1747 713 1874 744 tempore
1900 708 2018 736 domini
2045 709 2181 744 Gregorii

1215 768 1290 795 pape
1308 759 1380 786 noni
1394 759 1558 792 miscentis,
1579 759 1626 786 dic
1640 759 1686 786 III
1698 764 1821 787 execante
1831 760 1992 796 sanctorio,
2012 761 2043 787 in
2059 768 2182 796 presen-

1218 811 1261 839 tia
1292 811 1411 838 domini
1439 811 1591 838 Itertelocti
1617 811 1649 838 de
1679 811 1844 847 (Ji-stassla,
1879 812 2004 848 dompni
2031 813 2181 840 Juliannis

1217 863 1331 890 abbatis
1354 862 1461 890 Sancti
1486 862 1632 898 Stephani
1655 862 1688 890 tle
1710 864 1850 897 (iallano⁷
1878 864 1996 891 domini
2020 864 2179 897 Jamlonis,

1218 915 1336 943 domini
1359 914 1509 943 Johannis
1531 914 1632 942 Frosee
1654 915 1781 942 Siti-eriz·
1805 916 1937 948 notarii,
1958 915 2077 943 domini
2104 916 2183 943 Tan-

1218 967 1300 996 credi
1319 967 1352 994 de
1369 967 1487 1000 Cassia,
1508 967 1656 994 Bet-nardi
1674 968 1812 995 Rollandi
1831 972 1855 995 el
1877 968 2008 995 aliorum
2029 969 2181 1004 plurium.

1258 1020 1317 1056 Eyo
1334 1020 1439 1047 Petrus
1454 1024 1641 1047 sacrosancte
1659 1020 1786 1047 Romane
1802 1020 1916 1047 ecclesie
1932 1020 2112 1047 auctoritate
2131 1029 2185 1047 no-

1221 1073 1320 1100 tariits
1347 1072 1408 1099 hiis
1433 1072 1572 1099 omnibus
1600 1072 1787 1107 supradictis
1817 1072 1944 1106 interfui
1966 1077 2007 1105 et,
2031 1077 2063 1100 ut
2090 1081 2182 1108 supra

1221 1125 1343 1161 leqitur,
1362 1124 1396 1152 de
1416 1123 1561 1152 mandato
1579 1123 1710 1160 predicti
1731 1123 1848 1151 domini
1871 1124 2007 1151 Alatrini
2029 1125 2138 1160 scripsi
2158 1129 2183 1151 et

1220 1177 1428 1206 auctorizavi.

1181 1333 1418 1364 CCLXXVIII.
1443 1349 1481 1353 —
1503 1333 1724 1361 Apanffl-:Nfflo
1747 1340 1837 1360 vtLLE
1864 1340 1900 1360 DE
1922 1330 2147 1360 STRAYIGNANO
2163 1333 2183 1359 ¹.

1260 1439 1296 1467 In
1315 1438 1436 1466 nomine
1452 1437 1582 1470 Domini,
1606 1444 1705 1464 amen.
1724 1436 1782 1464 Nos
1797 1436 1959 1464 Alatrinus
1978 1436 2098 1464 domini
2115 1445 2189 1473 pape

1220 1491 1423 1519 subdiaconus
1441 1494 1466 1518 et
1482 1489 1667 1525 capellanus,
1687 1489 1815 1516 ducatus
1832 1488 1987 1525 Spoletani
2011 1493 2115 1522 rector,
2134 1497 2189 1524 ap-

1218 1543 1439 1581 prehendimus
1456 1541 1562 1570 villam
1581 1541 1614 1568 de
1630 1541 1835 1569 Straciniano
1850 1549 1917 1568 cum
1936 1541 2077 1568 omnibus
2093 1541 2189 1577 perti-

1220 1596 1335 1624 nentiis
1358 1594 1423 1623 suis
1448 1594 1487 1622 ud
1512 1601 1586 1630 opus
1614 1593 1732 1621 ecclesie
1757 1593 1888 1620 Romane
1912 1601 1968 1629 pro
1992 1592 2189 1628 pertinentiis

1222 1648 1314 1676 valtis
1333 1646 1457 1683 Tupine.
1481 1646 1516 1673 Et
1539 1645 1724 1681 quicumque
1749 1645 1862 1672 venerit
1883 1648 1987 1672 contra
2013 1644 2110 1680 ipsam
2133 1653 2188 1680 ap-

1218 1699 1451 1737 prehensionem
1479 1699 1522 1726 vel
1546 1706 1610 1725 eam
1629 1697 1801 1733 infrinqere
1814 1697 2014 1733 presumserit
2037 1696 2083 1724 vel
2105 1696 2188 1724 modo

1222 1753 1326 1788 aliquo
1360 1751 1491 1785 violare,
1525 1749 1851 1778 eoecommunicationis
1883 1749 2063 1776 sententiam
2096 1757 2186 1784 quam

1224 1813 1305 1833 nune
1320 1804 1450 1839 ferimus
1469 1811 1497 1830 se
1513 1802 1633 1830 noverit
1652 1801 1829 1829 incurrisse.
1852 1801 1886 1828 Et
1904 1805 2005 1837 preter
2024 1801 2121 1838 ipsam
2138 1810 2190 1837 pe-

1225 1866 1307 1890 nam,
1326 1857 1353 1884 si
1370 1855 1465 1890 fuerit
1482 1854 1593 1883 civitas
1612 1862 1649 1888 Μ,
1676 1853 1702 1881 si
1727 1857 1861 1881 castrum
1884 1854 2124 1889 quinqentarum
2138 1875 2144 1886 ,
2163 1853 2189 1880 si

1223 1910 1298 1939 villa
1316 1917 1380 1942 ccc,
1400 1909 1426 1936 si
1443 1916 1538 1936 comcs
1561 1907 1607 1935 vel
1623 1906 1694 1934 baro
1709 1914 1740 1939 c,
1759 1906 1786 1933 si
1802 1906 1888 1933 miles
1904 1906 2144 1941 quinquaginta⁷
2164 1906 2191 1933 si

1220 1963 1307 2000 pedes
1323 1970 1381 1990 xxx
1397 1961 1551 1989 librarum
1572 1960 1672 1987 banno
1692 1959 1777 1987 curie
1791 1968 1820 1986 se
1843 1959 1960 1986 noverit
1975 1958 2128 1994 subjacere
2138 1969 2147 1993 ;
2164 1959 2190 1986 si

1226 2024 1293 2045 vero
1313 2015 1440 2043 clericus
1455 2013 1561 2048 suerit,
1579 2012 1673 2048 officio
1689 2016 1714 2039 et
1734 2010 1872 2047 beneficio
1887 2011 2030 2047 privatus
2045 2011 2192 2047 spolietur

1224 2077 1268 2097 om
1276 2068 1364 2095 nibus
1374 2066 1458 2094 bonis
1466 2066 1531 2094 suis
1539 2076 1549 2100 ;
1562 2065 1588 2092 si
1600 2073 1627 2092 m
1635 2065 1723 2098 ulier,
1733 2073 1806 2101 pene
1817 2064 2014 2100 subjaceatxx
2025 2063 2189 2092 librarum.

1262 2121 1371 2149 Actum
1395 2123 1436 2147 est
1461 2118 1514 2146 hoc
1538 2118 1572 2145 in
1598 2117 1674 2145 villa
1698 2116 1850 2153 predicta,
1877 2116 1911 2143 in
1938 2114 2042 2153 [anno]
2068 2116 2193 2144 Domini

1224 2172 1400 2206 MCCXXXV,
1429 2170 1596 2198 indictione
1616 2174 1738 2203 octava}
1763 2173 1891 2204 tempore
1913 2168 2033 2195 domini
2057 2167 2194 2204 Greqorii

1223 2233 1299 2263 pape
1315 2224 1390 2252 noni
1406 2223 1572 2256 existentis,
1590 2221 1637 2249 die
1655 2221 1742 2249 tertio
1758 2224 1882 2248 exeunte
1893 2220 2056 2256 januario,
2078 2221 2109 2248 in
2124 2228 2194 2256 pre-

1224 2277 1321 2306 sentia
1342 2275 1462 2304 domini
1482 2274 1635 2303 Bertelotti
1654 2273 1688 2301 de
1711 2273 1878 2307 0⁷·besatz'c1,
1901 2272 2027 2309 dompni
2044 2272 2195 2301 Johannis

1225 2331 1338 2359 abbatis
1362 2328 1468 2358 Sancti
1493 2327 1641 2364 Stephani
1663 2326 1697 2354 de
1719 2325 1856 2359 Gallano,
1880 2325 2000 2353 domini
2023 2324 2189 2358 Landonis,

1225 2382 1344 2412 domini
1359 2381 1488 2410 Joannis
1502 2380 1616 2415 Frosee,
1636 2378 1756 2407 domini
1774 2376 1922 2406 Tancredi
1937 2377 1972 2404 de
1988 2376 2103 2405 Cassia.

1264 2435 1324 2471 qu
1346 2434 1471 2463 Jacobus
1497 2435 1696 2461 sacrosancte·
1712 2431 1843 2459 Romane
1867 2429 1984 2458 ecclesie
2013 2428 2194 2456 auctoritate

1228 2488 1368 2516 notarius
1391 2486 1453 2514 hiis
1475 2485 1615 2514 omnibus
1632 2482 1819 2520 supradictis
1834 2481 1966 2516 interfui
1983 2485 2023 2515 et,
2044 2484 2077 2508 ut
2099 2487 2194 2516 supra

1227 2541 1348 2577 leqitur,
1368 2539 1402 2567 de
1418 2537 1562 2566 mandato
1580 2536 1711 2573 predicti
1731 2534 1850 2563 domini
1872 2533 2011 2562 Alatrini
2035 2532 2144 2569 scripsi
2167 2537 2192 2559 et

1225 2591 1429 2622 auctorisavi.

1225 2769 1247 2794 1.
1270 2766 1472 2801 Stravignano,
1497 2764 1530 2791 *29
1549 2763 1663 2798 janvier
1688 2761 1767 2788 ¹235.
1787 2774 1824 2781 —
1845 2759 2000 2793 Muratori,
2021 2760 2098 2790 Ant..
2122 2763 2142 2786 t.
2164 2758 2194 2793 1,

1186 2826 1215 2852 p.
1228 2816 1289 2844 693.
1301 2829 1337 2836 —
1349 2814 1385 2840 Le
1398 2817 1512 2840 rectem·
1528 2812 1659 2838 Alatrino
1672 2809 1760 2845 prend
1774 2808 1944 2844 possession
1956 2807 1991 2833 de
2003 2807 2195 2841 Stravignano

1187 2868 1232 2899 (au
1254 2864 1338 2892 S.-E.
1362 2863 1397 2889 de
1417 2862 1557 2892 Nocera),
1582 2867 1694 2886 comme
1715 2858 1819 2884 faisant
1839 2855 1930 2891 partie
1954 2855 1991 2882 du
2011 2855 2144 2881 domnine
2160 2855 2194 2881 de

1188 2914 1241 2940 Val
1256 2913 1378 2947 Topino.
1398 2925 1432 2930 —
1454 2909 1501 2935 Au
1519 2909 1574 2935 lieu
1591 2907 1626 2933 de
1642 2908 1672 2933 in
1687 2914 1762 2932 anno
1778 2905 1905 2938 Domini,
1922 2905 1938 2930 ὲ
1956 2903 1981 2930 la
1995 2903 2034 2930 fin
2050 2903 2088 2930 du
2104 2903 2195 2930 docu-

1188 2966 1275 2995 ment,
1293 2962 1318 2987 le
1336 2958 1495 2986 manuscrit
1513 2960 1593 2991 porte
1609 2957 1638 2981 in
1654 2955 1764 2981 nornine
1781 2954 1901 2979 Domini.

134 2875 159 2902 1.
182 2874 299 2907 Son-iffa,
320 2873 484 2908 29janvie1·
509 2873 587 2900 1235.
607 2888 643 2893 —
664 2872 704 2899 Le
727 2876 840 2900 rectem·
860 2872 992 2898 Alatrino
1013 2870 1105 2906 prend

98 2923 267 2959 possession
288 2922 323 2948 de
343 2921 445 2948 Soriffa
466 2923 513 2955 (au
534 2920 626 2949 N.-O.
648 2921 683 2948 de
704 2921 843 2954 Nocet-a),
865 2919 1051 2955 depe-odanco
1066 2919 1104 2945 du

98 2971 231 2998 demaine
246 2970 281 2997 de
299 2969 351 2996 Val
367 2969 488 3005 Topino.

240 3031 326 3059 Lmen
344 3030 487 3059 Censunu.
508 3044 544 3051 —
561 3030 585 3058 1.
2020 3011 2054 3039 69
