2392 3571
649 349 699 378 LE
723 348 867 377 LIBER
890 346 1122 377 CENSUUM
1148 346 1201 375 DE
1226 340 1411 375 L'EGLISE
1434 344 1642 374 ROMAINE.
2133 342 2190 373 443

143 417 282 445 habentes
301 425 417 453 quoque
437 425 489 453 pre
513 416 608 444 oculis
630 415 779 443 immensa
797 419 822 442 et
840 414 1005 442 innumera
1020 413 1105 441 bene-

140 468 212 505 ficia
237 473 351 503 vestra,
382 468 544 496 karissime
567 467 688 495 domine
711 471 736 494 et
759 466 1000 494 reverentissime
1021 469 1107 501 pater

139 525 289 558 protector
308 525 333 548 et
356 520 525 555 benefactor
544 523 645 548 noster
664 519 785 547 domine
802 518 915 546 Honori
936 518 985 545 Dei
1004 517 1108 553 qratia

141 582 259 602 summe
272 573 409 610 pontifex
424 571 604 603 venerande,
622 580 675 609 per
686 571 774 607 cujus
784 570 972 606 beneficium,
986 577 1108 607 operam

141 631 168 654 et
185 626 311 654 tutelam
328 626 400 654 aliti
415 633 533 658 sumus,
550 615 679 662 protecti
691 625 810 661 pariter
827 628 853 651 et
867 623 1010 659 promoti,
1026 626 1108 659 post-

143 687 236 714 quam>
254 679 286 706 in
303 677 540 706 sollicitudinem
562 681 689 705 vestram
707 680 805 703 mater
821 679 923 703 nostra
939 675 1038 710 felicis
1052 683 1108 702 me-

143 732 239 760 morie
263 730 441 759 Constantia
465 729 651 766 imperatrix
672 733 698 757 et
727 729 830 765 reyina
852 728 958 757 Sicilie
983 736 1019 755 ea:
1048 728 1110 764 ipso

143 784 233 820 quasi
248 787 333 811 utero
351 790 404 810 nos
413 782 557 818 Jactavit,
582 781 663 809 vobis
681 781 850 809 beatissime
863 785 950 817 pater
965 784 991 808 et
1007 780 1110 812 omni-

143 836 196 864 bus
217 835 435 863 successoribus
452 834 559 862 vestris
581 833 724 862 catholice
739 837 899 869 sancteque
920 833 1049 861 Romane
1065 841 1111 860 ec-

143 888 239 921 clesie,
257 886 381 924 speciali
394 886 490 914 matri
505 890 614 920 nostre,
637 894 753 913 omnem
769 885 968 913 obedientiam
984 885 1111 912 lionori-

142 939 297 976 ficentiam
325 943 414 975 atque
444 938 646 966 reverentiam
677 946 792 974 semper
819 937 934 965 humili
963 937 1049 965 corde
1078 946 1112 966 ac

143 992 246 1021 devoto
265 992 379 1028 spiritu
408 991 633 1028 impendemus,
660 999 753 1027 quarn
775 990 992 1026 predecessores
1016 990 1112 1018 nostri

144 1053 224 1081 reqes
244 1049 270 1072 et
292 1045 487 1081 imperatores
502 1043 645 1072 catholici
667 1044 774 1071 vestris
795 1043 1029 1071 antecessoribus
1052 1043 1112 1070 im-

142 1097 280 1134 pendisse
310 1101 494 1131 noscuntur,
530 1096 629 1124 ¹nichil
658 1095 765 1124 exinde
798 1095 925 1123 volentes
957 1095 1110 1128 diminui,

144 1149 194 1178 sed
207 1150 303 1186 maqis
313 1150 433 1186 auqeri,
450 1154 481 1177 ut
495 1153 599 1177 nostra
613 1149 710 1186 maqis
722 1148 838 1176 devotio
851 1149 1003 1176 enitescat.
1018 1148 1110 1176 Illum

145 1202 245 1239 iyitur
264 1202 394 1230 volentes
414 1201 530 1230 abolere
549 1201 676 1229 abusum
698 1209 784 1237 quem
811 1201 964 1229 interdum
985 1201 1110 1237 quidam

142 1254 386 1291 predecessorum
403 1258 577 1282 nostrorum
596 1255 763 1282 eacercuisse
775 1258 945 1282 noscuntur
960 1257 985 1281 et
1001 1253 1114 1281 dicun—

146 1307 242 1335 turin
260 1307 454 1336 electionibus
469 1308 676 1344 prelatorum,
696 1306 888 1335 concedimus
903 1310 928 1334 et
944 1306 1110 1340 sancimus,

145 1364 179 1387 ut
195 1359 348 1387 electiones
365 1359 553 1396 prelatorum
574 1359 663 1388 libere
688 1364 714 1387 et
735 1359 879 1388 canonice
897 1358 991 1394 fiant,
1009 1362 1114 1394 quate-

144 1420 204 1440 nus
220 1412 272 1440 ille
284 1411 467 1448 preficialur
487 1412 604 1440 ecclesie
627 1412 751 1440 viduato
771 1421 857 1448 quem
882 1416 974 1440 totum
993 1411 1115 1447 capitu-

148 1465 212 1493 lum
229 1466 274 1493 vel
295 1465 394 1501 masor
409 1470 434 1493 et
452 1466 558 1494 sanior
574 1474 649 1502 pars
668 1466 767 1502 ipsius
786 1465 909 1493 (ltiscerit
927 1464 1112 1501 eliqendum.

149 1517 312 1546 dummodo
336 1517 433 1545 nichil
454 1517 530 1546 desit
554 1518 588 1546 de
610 1519 767 1546 canonicis
789 1518 950 1546 institutis.
974 1517 1115 1554 Appella—

149 1570 242 1598 tiones
259 1574 359 1598 autem
377 1570 411 1598 in
435 1571 562 1606 neqotiis
578 1575 604 1599 et
620 1572 719 1599 causis
741 1571 950 1599 ecclesiasticis
965 1570 1004 1598 ad
1018 1570 1114 1598 sedem

148 1623 344 1660 apostolicam
354 1622 444 1650 libere
453 1622 531 1658 fiant
542 1634 552 1658 ;
564 1631 671 1651 earum
680 1623 918 1660 prosecutionem
933 1623 1116 1660 siceproces-

147 1683 216 1702 sum
232 1675 339 1703 nullus
352 1675 500 1712 impedire
512 1680 682 1712 presumat.
694 1676 787 1704 Illum
801 1685 916 1712 quoque
927 1676 1117 1703 dimittimus

148 1733 174 1756 et
187 1728 357 1763 refutamus
372 1728 510 1763 abusum,
527 1736 615 1764 quem
631 1729 665 1756 in
677 1729 859 1765 occupandis
875 1729 960 1757 bonis
975 1728 1117 1756 deceden-

150 1781 226 1808 tium
242 1781 431 1817 prelatorum
450 1785 505 1808 aut
522 1781 613 1808 etiam
633 1781 828 1809 ecclesiarum
850 1781 1030 1809 vacantium
1050 1789 1118 1809 nos-

150 1833 191 1860 tri
207 1837 430 1861 consueverunt
447 1837 644 1861 antecessores
663 1834 860 1868 committere,
876 1842 933 1870 pro
952 1837 1031 1861 motu
1046 1841 1118 1870 pro-

146 1885 214 1922 prie
244 1885 425 1913 voluntatis.
457 1885 566 1914 Omnia
600 1894 665 1914 vcro
692 1886 852 1922 spiritalia
883 1886 963 1914 cobis
992 1891 1018 1914 et
1046 1886 1119 1913 aliis

149 1938 345 1966 ecclesiarum
368 1939 496 1974 prelatis
518 1938 726 1974 relinquimus
747 1939 837 1966 libere
858 1938 1060 1975 disponenda,
1085 1943 1119 1966 ut

149 1999 205 2027 que
220 1995 292 2019 sunt
309 1990 428 2019 Cesaris
449 1991 550 2019 Cesari
566 1995 592 2019 et
608 1999 664 2027 que
683 1996 755 2019 sunt
772 1992 822 2019 Dei
845 1992 899 2019 Deo
916 1996 995 2019 recta
1010 1991 1119 2019 distri-

127 2041 130 2044 ’
150 2042 271 2070 butione
286 2042 467 2070 reddantur.
487 2043 584 2079 Super
599 2043 782 2072 eradicando
797 2048 897 2072 autem
913 2044 1039 2072 heretice
1048 2052 1119 2081 pra-

149 2096 257 2124 vitatis
282 2103 383 2123 errore
410 2096 566 2124 auaxilium
596 2095 737 2124 dabimus
762 2101 787 2124 et
812 2105 932 2133 operam
962 2098 1116 2133 efficacem,

151 2148 349 2176 Possessiones
366 2149 457 2176 etiam
481 2157 557 2184 quas
577 2149 712 2177 Romana
734 2149 854 2177 eeclesia
879 2150 1069 2186 recuperavit
1085 2150 1120 2178 ab

149 2201 387 2229 antecessoribus
404 2193 516 2229 nostris
531 2209 583 2229 seu
599 2201 781 2237 quibuslibet
800 2202 873 2230 aliis
889 2207 959 2230 ante
974 2202 1120 2238 detentas,

152 2253 261 2281 liberas
281 2257 307 2281 et
330 2253 446 2289 quietas
468 2253 526 2281 sibi
546 2253 734 2282 dimittimus
750 2259 775 2282 et
796 2254 893 2291 ipsam.
912 2254 951 2282 ad
972 2263 1021 2283 eas
1042 2255 1121 2291 opti-

154 2304 268 2333 nendas
283 2305 358 2333 bona
374 2305 432 2341 fide
452 2306 665 2342 promittimus
680 2306 841 2335 adiuvare.
861 2307 939 2340 Quas
957 2315 1024 2336 cero
1043 2316 1122 2336 non-

152 2357 226 2385 dum
243 2358 448 2394 recuperavit,
468 2357 508 2386 ad
530 2359 773 2395 recuperandum
795 2360 910 2387 erimus
928 2369 984 2396 pro
1005 2360 1122 2389 viribus

153 2409 316 2444 adiutores,
347 2414 373 2438 et
395 2418 581 2447 quecumque
605 2411 644 2439 ad
670 2419 781 2440 manus
806 2417 926 2441 nostras
950 2413 1118 2448 devenient,

153 2463 218 2490 sine
234 2462 411 2498 difficultate
427 2471 461 2491 ac
482 2471 568 2491 mora
587 2464 614 2491 ei
633 2464 791 2493 restituere
805 2469 988 2502 satagemus.
1006 2466 1050 2494 Ad
1068 2467 1123 2494 has

150 2515 284 2552 pertinet
301 2519 361 2543 tota
376 2519 458 2543 terra
473 2524 529 2552 que
542 2521 582 2544 est
594 2525 612 2544 a
622 2516 806 2552 Radicofano
816 2526 910 2554 usque
921 2519 1121 2555 Ceperanuin,

154 2568 296 2596 marchia
308 2568 512 2604 Anconitana,
533 2569 662 2598 ducatus
674 2569 864 2607 Spoletanus‚
882 2576 962 2600 terra
975 2573 1124 2601 comitisse

153 2620 326 2655 Malitildis,
360 2621 523 2650 comitatus
551 2622 747 2658 Brittenorii,
782 2629 944 2653 exarcatus
972 2625 1122 2660 Ravenne,

156 2672 340 2709 Pentapolis,
364 2681 465 2701 massa.
482 2674 645 2709 Trabaria,
668 2683 738 2704 cum
759 2676 968 2705 adiacentibus
991 2679 1081 2706 terris
1099 2683 1125 2707 et

155 2725 296 2753 omnibus
323 2726 396 2754 aliis
414 2726 454 2754 ad
472 2727 640 2755 Romanam
661 2729 813 2756 ecclesiam
833 2730 1070 2766 pertinentibus,
1090 2735 1125 2759 ut

157 2785 205 2805 eas
222 2777 328 2806 habeat
344 2778 480 2806 Romana
498 2779 619 2807 ecclesia
639 2780 860 2817 imperpetuum
881 2790 948 2809 cum
968 2783 1053 2810 omni
1074 2783 1125 2811 iu-

156 2830 336 2859 risdictione
351 2831 494 2860 districtu
509 2837 534 2860 et
557 2833 669 2861 honore
685 2842 750 2861 suo.
776 2835 985 2863 Verumtamen
1003 2844 1072 2863 cum
1088 2835 1127 2863 ad

157 2883 368 2920 recipiendum
389 2892 530 2912 coronam
557 2885 682 2922 imperii
707 2887 750 2914 vel
764 2895 819 2922 pro
836 2888 1060 2915 necessitutibus
1080 2896 1126 2915 ec-

158 2936 244 2964 clesie
261 2936 297 2964 ab
319 2937 483 2973 apostolica
506 2937 570 2965 sede
594 2939 692 2966 vocati
712 2939 901 2973 venerimus,
928 2939 961 2967 de
984 2939 1127 2968 mandato

158 2989 274 3016 summi
293 2988 448 3025 pontificis
471 2991 653 3026 recipiemus
673 2992 903 3027 procurationes
923 2993 986 3020 sice
1002 2992 1124 3026 fodrum

1228 412 1264 439 ab
1280 412 1364 448 ipsis.
1384 411 1493 439 Omnia
1512 411 1609 446 iyitur
1620 411 1796 447 supradicta
1811 416 1835 438 et
1851 418 2035 446 quecumque
2048 410 2111 438 alia
2123 419 2191 446 per-

1229 463 1326 491 tinent
1342 462 1381 490 ad
1393 463 1559 490 itomanam
1576 463 1741 495 ecclesiam,
1759 462 1793 490 de
1809 463 1961 490 voluntate
1972 467 1997 490 et
2008 463 2192 491 conscientia

1228 515 1354 543 consilio
1370 519 1395 542 et
1410 522 1555 542 consensu
1569 515 1747 551 principum
1768 515 1890 551 imperii
1911 515 2000 542 libere
2020 515 2067 542 illi
2083 514 2192 542 dimit-

1231 567 1335 600 timus,
1360 567 1576 594 renuntiamus
1598 571 1623 594 et
1650 567 1855 599 restituimus,
1875 575 1926 594 nec
1944 575 2001 594 non
2020 567 2058 594 ad
2074 576 2189 594 omnem

1228 618 1407 654 scrupulum
1430 619 1656 646 removendum.
1672 624 1762 655 prout
1785 620 1891 646 melius
1912 619 1987 646 calet
2003 624 2028 646 et
2045 620 2192 655 efficacius

1231 671 1372 706 intelliqi,
1391 671 1591 703 concedimus,
1610 672 1795 705 conserimus
1813 676 1840 698 et
1854 671 2013 704 donamus.
2029 676 2059 699 ut
2075 672 2191 699 sublata

1229 724 1329 751 omnis
1349 723 1549 750 contentionis
1565 728 1589 750 et
1606 723 1802 751 dissensionis
1822 724 1964 757 materia,
1983 724 2074 759 lirina
2090 732 2152 760 paz
2167 728 2193 751 et

1228 777 1317 812 plena
1334 775 1494 803 concordia
1512 776 1590 803 inter
1603 776 1760 803 Ecclesiam
1776 781 1800 803 et
1815 776 1979 812 Imperium
1992 782 2190 812 perseverent.

1230 828 1389 856 Adiutores
1409 829 1499 855 ctiam
1525 828 1639 855 erimus
1661 828 1699 855 ad
1722 829 1911 855 retinendum
1930 833 1955 856 et
1971 828 2188 863 defendendum

1231 880 1347 909 ecclesie
1363 880 1492 908 Romane
1515 888 1640 915 reqnum
1665 880 1769 907 Sicilie
1792 888 1858 907 cum
1883 881 2023 908 omnibus
2038 881 2191 917 adipsum

1231 932 1444 976 spectantibus,
1465 936 1525 959 tam
1542 932 1620 960 citra
1639 932 1749 959 Faruin
1767 941 1857 968 quam
1878 933 1968 966 ultravv
1990 941 2040 961 nec
2057 942 2114 961 non
2129 934 2196 961 Cor-

1231 986 1325 1014 sicam
1346 990 1372 1013 et
1387 985 1569 1013 Sardiniam
1587 994 1621 1012 ac
1637 990 1730 1012 cetera
1750 986 1819 1012 iura
1837 994 1891 1021 que
1912 986 1949 1013 ad
1965 995 2028 1013 eam
2046 986 2196 1022 pertinere

1233 1042 1414 1071 noscuntur,
1442 1042 1597 1073 tamquam
1619 1037 1741 1064 devotus
1762 1038 1846 1071 filius
1872 1042 1896 1065 et
1921 1038 2084 1065 catholicus
2106 1039 2196 1074 prin-

1234 1100 1308 1127 ceps.
1334 1090 1367 1118 tlt
1389 1094 1489 1118 (tillem
1515 1090 1564 1117 hec
1586 1089 1690 1116 omnia
1716 1094 1879 1117 memorato
1903 1091 2094 1118 sanctissimo
2112 1091 2196 1126 patri

1235 1148 1334 1172 nostro
1364 1143 1487 1170 clunnino
1519 1142 1668 1175 Honorio,
1704 1147 1891 1170 sacrosancte
1918 1143 2047 1170 Romane
2079 1143 2197 1171 ecclesie

1233 1204 1353 1224 summo
1366 1194 1516 1232 pontifici,
1535 1195 1657 1230 ejusque
1674 1194 1890 1222 successoribus
1904 1203 1957 1230 per
1975 1203 2025 1221 nos
2042 1199 2067 1222 et
2084 1199 2198 1221 nostros

1234 1256 1425 1281 successoresy
1447 1248 1653 1275 Romanorum
1670 1255 1749 1282 requ
1766 1251 1792 1274 ct
1811 1247 2021 1282 imperatores,
2042 1247 2199 1274 obserren-

1236 1306 1288 1330 tur
1302 1300 1453 1337 firmaque
1469 1304 1495 1327 et
1514 1299 1695 1327 inconvulsa
1717 1307 1832 1335 semper
1847 1303 2063 1335 permaneant.
2080 1307 2201 1335 presens

1234 1353 1433 1391 ρνίυἱίεῃίιωη
1457 1352 1661 1388 conscriptum
1690 1351 1858 1378 maiestatis
1881 1355 1980 1378 nostre
2001 1359 2095 1378 aurea
2118 1351 2199 1378 bulla

1236 1407 1383 1435 iussimus
1399 1404 1597 1433 communiri.
1624 1404 1716 1432 Testes
1734 1403 1781 1431 liii
1801 1408 1873 1431 sunt
1890 1413 1899 1430 :
1917 1403 2065 1431 Henricus
2084 1405 2200 1439 :quen-

1237 1459 1321 1487 tinus
1347 1458 1512 1494 episcopus,
1538 1456 1687 1484 Henricus
1710 1456 1887 1484 Basiliensis
1916 1457 2084 1493 episcopus.
2113 1456 2202 1483 abbas

1236 1511 1335 1540 sancti
1354 1510 1448 1545 Galli,
1473 1510 1531 1545 l'qo
1546 1509 1634 1537 abbas
1653 1509 1866 1541 Morbaeensis,
1887 1509 2046 1543 Golsradus
2064 1509 2153 1535 abbas
2168 1508 2202 1535 de

1242 1563 1425 1595 H'icziburc,
1451 1561 1592 1590 'l‘ibaldus
1618 1561 1681 1589 dua:
1703 1561 1910 1597 Lotlierinyie.
1933 1569 2027 1588 comes
2051 1561 2147 1597 quno
2168 1561 2202 1588 de

1241 1616 1346 1647 Vralzc,
1360 1623 1455 1643 eomes
1473 1614 1645 1642 [lodowicus
1660 1613 1694 1641 de
1711 1613 1900 1646 H'irtinberc.
1919 1621 2013 1641 coines
2030 1613 2203 1641 Eccrardus

1238 1670 1271 1697 de
1286 1668 1456 1704 Elfinstein,
1477 1667 1628 1695 Henricus
1644 1666 1677 1694 de
1691 1666 1799 1701 Nissen,
1817 1664 1914 1693 et'alii
1928 1666 2135 1702 quamplures.

1275 1722 1405 1758 Siynum
1423 1720 1543 1748 domini
1558 1719 1708 1748 Friderici
1723 1719 1773 1746 Dei
1788 1719 1890 1755 qratia
1905 1719 2109 1747 Romanorum
2126 1720 2203 1755 reqis

1237 1783 1352 1811 semper
1367 1773 1492 1810 auqusti
1505 1777 1531 1800 et
1550 1773 1628 1808 rcyis
1643 1771 1759 1800 Sicilie.

1279 1827 1337 1862 quo
1352 1824 1508 1854 Conradus
1522 1824 1573 1852 Dei
1588 1828 1614 1852 et
1630 1824 1788 1860 apostolice
1804 1823 1882 1851 sedis
1900 1824 2005 1859 qratia
2023 1823 2160 1851 Jietensis
2177 1828 2203 1850 et

1239 1879 1392 1916 Spirensis
1405 1878 1567 1914 episcopus,
1583 1876 1754 1912 imperialis
1765 1876 1834 1903 aule
1846 1875 2058 1909 cancellarius,
2079 1875 2140 1903 rice
2156 1875 2203 1902 do-

1240 1932 1321 1959 mini
1337 1930 1449 1965 Sisridi
1465 1929 1640 1965 Maquntini
1659 1928 1878 1964 archiepiscopi
1893 1932 1919 1955 et
1939 1928 2029 1955 totius
2047 1928 2173 1955 German
2182 1928 2206 1955 ie

1240 1982 1520 2015 archicancellarii.
1542 1981 1711 2017 recoqnori.

1279 2037 1353 2064 Acta
1367 2039 1439 2063 sunt
1460 2034 1510 2062 hec
1530 2042 1612 2061 anno
1628 2033 1778 2061 dominice
1800 2033 2026 2060 incarmztionis
2046 2032 2207 2060 millesimo

1241 2088 1442 2118 ducentesimo
1470 2086 1681 2119 nonodecimo,
1710 2093 1809 2113 mense
1833 2085 2008 2120 septembri,
2040 2084 2207 2112 indictione

1240 2146 1357 2174 octaua,
1377 2143 1521 2175 reqnante
1539 2138 1662 2166 domino
1678 2137 1833 2165 Friderico
1854 2136 1983 2165 secundo
2000 2137 2206 2164 Romanorum

1242 2202 1308 2230 re9e
1322 2193 1451 2229 qlorioso
1467 2196 1493 2219 et
1511 2200 1576 2227 rege
1591 2190 1704 2225 Sicilie,
1719 2198 1802 2218 ewino
1817 2190 1947 2218 Romani
1960 2190 2048 2225 reqni
2066 2189 2162 2225 ipsius
2176 2190 2207 2216 in

1243 2245 1407 2275 Germania
1426 2244 1566 2280 septimo,
1593 2248 1619 2271 et
1636 2243 1669 2270 in
1686 2242 1794 2271 Sicilia
1813 2242 1954 2270 vicesimo
1969 2241 2109 2269 secundo.
2129 2241 2208 2269 Feli-

1242 2299 1328 2327 citer.
1346 2300 1451 2326 Amen.

1282 2353 1391 2380 Datum
1409 2350 1490 2387 apud
1502 2351 1650 2386 Aqnoroe,
1669 2356 1723 2385 per
1737 2356 1850 2375 manus
1870 2347 1994 2374 Henrici
2014 2346 2126 2382 reyalis
2141 2346 2210 2374 aule

1242 2403 1507 2442 prothon[ot]arii,
1525 2410 1616 2436 anno,
1636 2409 1733 2439 mense
1750 2405 1776 2428 et
1795 2399 1958 2427 indictione
1972 2399 2160 2435 prescriptis.

1205 2547 1431 2579 CLXXXVII.
1447 2563 1485 2567 —
1504 2546 1714 2574 vamecmsx
1731 2552 1924 2572 §Aenum-:xm
1941 2550 2078 2571 mamm
2094 2551 2112 2569 A
2128 2548 2209 2570 REGE

1246 2601 1423 2630 Fnssnssfflco
1441 2607 1560 2628 oosnso
1577 2606 1652 2626 PAPE
1671 2597 1815 2626 Hosomo
1830 2597 1850 2624 ¹.

1285 2706 1321 2734 In
1341 2705 1463 2734 nomine
1483 2708 1584 2732 sancte
1606 2707 1632 2730 et
1648 2701 1812 2731 individue
1835 2701 2006 2728 Trinitatis.
2024 2700 2129 2727 Amen.
2152 2699 2212 2735 Eyo

1246 2850 1269 2875 Ι.
1287 2848 1380 2874 Mente
1395 2847 1459 2873 date
1474 2854 1529 2880 que
1540 2846 1565 2871 le
1579 2844 1741 2880 precedent.
1757 2857 1789 2862 —
1801 2844 1837 2869 M.
1850 2844 1879 2869 G.
1897 2843 2117 2873 Constitutiones,
2135 2846 2154 2867 t.
2173 2841 2211 2873 Π,

1209 2908 1234 2933 p.
1253 2900 1304 2928 793
1321 2897 1357 2924 cf.
1376 2897 1460 2928 LeocS,
1477 2899 1496 2921 t.
1516 2894 1552 2926 11,
1569 2903 1597 2928 p.
1614 2893 1682 2923 232;
1700 2891 2006 2922 Huittard-Brehones,
2024 2895 2043 2916 t.
2064 2890 2086 2922 Ι,
2105 2899 2131 2924 p.
2149 2890 2209 2916 676.

1208 2945 1336 2980 Original
1352 2953 1387 2970 au
1408 2944 1524 2969 X‘atican
1538 2941 1572 2975 (1.
1586 2951 1622 2971 w,
1635 2942 1671 2973 2).
1686 2954 1722 2960 -
1733 2940 1864 2966 Sermoni
1882 2940 1961 2973 prdie
1977 2947 2011 2964 au
2030 2946 2100 2972 pape
2118 2937 2210 2963 [Iono-

1207 2995 1269 3020 rius
1284 2992 1336 3024 111,
1353 3000 1387 3017 eu
1404 2990 1574 3017 eonion-mite
1588 2997 1658 3015 avec
1673 2989 1698 3014 la
1713 2989 1810 3014 charte
1828 2986 2007 3021 precedente.
