2392 3571
662 338 712 367 LE
735 337 879 367 LIBER
901 336 1135 368 CENSUUM
1159 336 1213 366 DE
1236 326 1423 366 L'EGLISE
1446 337 1655 367 ROMAINE.
2143 338 2203 370 573

152 403 337 436 pontificatus
359 405 466 431 domini
490 404 621 439 Gregorii
644 414 714 440 pape
737 405 803 431 noni
825 413 899 431 anno
916 413 1006 436 nono,
1029 405 1120 431 indic-

150 451 229 477 tione
251 460 335 485 nona,
359 454 469 480 mensis
490 453 626 479 februarii
648 453 693 479 die
717 454 849 488 septimo.
867 453 928 480 Hac
943 453 1057 488 quidem
1075 454 1120 479 die

151 500 305 528 Odorisius
321 501 486 529 Picaloctus
506 502 540 528 de
565 502 679 528 paliano
702 511 755 528 sua
779 502 890 537 propria
913 506 941 529 ct
963 505 1120 536 spontanea

153 550 300 576 voluntate
323 549 453 577 vendidit
471 554 499 577 et
523 551 748 577 irrevocabiliter
770 551 886 577 tradidit
906 551 1021 577 domino
1041 550 1120 577 fratri

150 599 260 625 Thome
277 599 384 626 domini
402 607 474 634 pape
490 600 645 626 camerario
662 600 857 634 procuratorio
874 601 988 626 nomine
1003 608 1053 634 pro
1069 600 1120 626 do-

153 649 229 675 mino
247 657 318 683 papa
333 651 361 674 et
377 648 439 674 suis
455 648 677 675 suecessoribus
699 648 734 674 ad
754 657 827 683 opus
847 652 875 674 et
895 648 1042 675 utilitatem
1060 648 1120 674 Ro-

149 705 232 723 mane
253 697 375 723 ecclesie
399 697 548 730 recipienti
568 696 792 731 imperpetuum,
818 697 950 723 videlicet
974 697 1069 723 omnia
1092 700 1119 723 et

149 746 262 780 singula
279 746 390 780 integre
403 754 459 779 qne
476 745 561 771 habet
573 745 602 771 in
619 746 713 772 roccis
728 751 756 772 et
770 747 874 772 castris
891 746 999 772 Paliani
1016 750 1044 772 et
1058 745 1120 772 Ser·

150 794 243 826 ronis,
261 802 327 820 cum
343 793 478 820 domibus
498 797 527 820 et
546 794 680 820 casalinis
700 794 774 820 infra
794 803 893 820 roccas
914 798 942 820 et
962 798 1055 821 castra
1069 803 1118 821 ea—

147 843 212 869 dem
237 843 270 869 ad
297 843 392 877 ipsum
409 842 531 869 heredes
552 846 581 869 et
603 851 792 869 successores
812 852 882 870 suos
898 844 1117 878 pertinentibus,

148 896 177 918 et
192 900 257 918 cum
271 891 349 917 omni
361 892 438 925 jure,
450 891 664 925 jurisdictione,
678 891 821 923 districtu,
834 891 960 918 dominio
971 892 1119 918 ethonore

148 945 204 967 tam
229 942 255 967 in
281 941 412 967 vassallis
432 949 517 975 quam
534 941 562 966 in
579 940 680 972 terris,
706 941 814 971 vineis,
838 940 935 974 pratis,
960 941 1117 973 montibus,

148 990 288 1021 collibus,
307 989 449 1024 planiciis,
466 989 558 1023 silvis,
576 989 704 1023 pascuis,
721 991 804 1023 aquis
820 992 848 1015 et
863 989 1119 1016 communitatibus

150 1039 305 1072 universis,
323 1039 400 1065 sicut
416 1038 470 1073 ipsi
486 1037 619 1065 Odorisio
641 1038 703 1064 suis
724 1038 880 1064 heredibus
896 1041 923 1064 et
939 1039 1119 1065 successori-

149 1088 204 1114 bus
220 1091 388 1122 compctunt
403 1096 453 1122 pro
469 1086 563 1113 diviso
577 1087 622 1112 vel
639 1086 772 1119 indiviso,
789 1087 873 1113 tacite
885 1088 928 1113 vel
945 1087 1118 1122 expressim,

149 1138 177 1163 in
199 1136 336 1171 predictis
357 1136 462 1162 castris
477 1135 556 1162 intus
579 1138 607 1161 et
627 1138 707 1161 extra
728 1138 756 1161 et
774 1143 823 1169 per
842 1138 932 1162 totum
951 1135 1119 1162 eorumdem

149 1189 309 1211 castrorum
324 1184 500 1211 territorium
514 1184 557 1210 vel
570 1183 733 1210 districtum
746 1193 752 1215 ;
765 1187 793 1210 et
806 1184 941 1219 quicquid
954 1185 1016 1219 ipse
1027 1184 1061 1211 Ο.
1075 1184 1119 1210 vel

148 1234 202 1260 alia
219 1241 342 1268 persona
363 1241 414 1268 pro
434 1234 498 1267 ipso
513 1233 548 1259 de
564 1233 702 1268 predictis
718 1233 853 1260 omnibus
869 1237 947 1260 tenet
962 1234 1005 1259 vel
1023 1233 1119 1268 possi—

149 1282 207 1314 det,
223 1290 239 1308 a
255 1283 384 1316 presenti
401 1282 516 1308 nomine
537 1281 646 1308 domini
662 1290 734 1316 pape
754 1285 782 1308 et
797 1282 918 1308 ecclesie
941 1282 1071 1309 Romane
1087 1290 1119 1308 se

148 1331 299 1357 constituit
310 1331 439 1365 precario
456 1330 622 1365 possidere;
639 1334 667 1356 et
682 1330 760 1357 dedit
770 1335 856 1365 atque
869 1331 1015 1357 concessit
1025 1331 1119 1357 eidem

150 1379 266 1406 domino
282 1380 439 1406 camerario
456 1388 507 1414 pro
523 1379 639 1406 domino
661 1388 732 1415 papa
752 1384 780 1406 et
801 1381 923 1406 ecclesia
940 1380 1070 1407 Romana
1085 1380 1117 1406 li-

148 1428 246 1454 beram
264 1431 434 1462 potestatem
457 1428 581 1455 intrandi
602 1432 630 1454 et
644 1429 802 1462 accipiendi
820 1429 862 1454 vel
879 1437 965 1455 suum
981 1437 1118 1463 procura-

147 1480 238 1504 torem
255 1478 424 1503 auctoritate
449 1478 561 1512 propria
584 1478 798 1512 possessionem
823 1478 949 1503 omnium
972 1477 1114 1512 predicto-

148 1534 222 1556 rum.
240 1529 269 1551 et
284 1525 416 1555 habendi„
432 1525 557 1556 tenendi,
571 1525 693 1555 fruendi,
713 1526 890 1560 permutandi
907 1529 933 1551 ot
951 1525 1117 1559 possidendi

148 1574 183 1601 ad
199 1583 273 1609 opus
289 1578 317 1600 et
333 1574 483 1600 utilitatem
500 1574 630 1601 Romane
646 1575 769 1601 ecclesie
781 1576 1003 1609 imperpetuum.

116 1727 262 1763 [CCCXV]
275 1733 295 1754 ¹.
308 1743 340 1747 —
358 1727 401 1754 Da
415 1737 546 1755 summi-u
557 1727 690 1755 Gutum
702 1737 734 1754 ετ
743 1728 904 1757 Tutiam-ano
916 1738 948 1755 ET
959 1737 1117 1756 mmmmm

147 1776 275 1804 Humani
291 1785 392 1804 motois
408 1777 541 1804 Gutum:
551 1780 572 1803 Ξ.

184 1881 203 1913 †
218 1879 249 1905 In
271 1879 386 1905 nomine
403 1878 511 1905 domini
536 1880 626 1905 nostri
644 1878 716 1905 Jesu
736 1878 854 1905 Christi.
880 1879 942 1906 Hoc
959 1883 1004 1906 est
1018 1888 1118 1906 exem-

148 1928 227 1963 plum
243 1928 395 1962 cujusdam
413 1927 520 1962 publici
536 1927 722 1954 instrumenti
739 1928 827 1962 hujus
843 1929 951 1954 tenoris
970 1940 974 1954 :

183 1976 215 2003 In
234 1978 348 2003 nomine
370 1976 500 2007 Domini,
524 1985 618 2004 amen.
642 1977 727 2002 Anno
751 1976 866 2003 Domini
887 1976 1116 2010 MCCXXXVI,

147 2026 304 2053 indictione
321 2025 364 2057 X,
383 2030 511 2061 tempore
534 2025 642 2052 domini
659 2025 780 2060 Gregori
797 2025 882 2052 VIIII
898 2035 969 2061 pape
985 2035 1059 2053 anno
1076 2027 1115 2057 X,

148 2075 232 2102 tertia
258 2075 303 2101 die
326 2080 449 2101 exeunte
471 2083 570 2101 mense
590 2075 699 2105 martii=
723 2075 749 2100 in
770 2077 914 2109 presentia
935 2075 1116 2102 dominorum

149 2124 356 2151 Gisarcliensis
383 2128 411 2149 et
438 2123 640 2157 Empuriensis
664 2123 882 2158 episcoporum,
907 2124 961 2149 mei
985 2124 1117 2158 Gregorii

149 2176 334 2199 sacrosancte
364 2171 493 2197 Romane
518 2171 640 2197 ecclesie
665 2171 807 2197 scriniarii
834 2175 862 2196 et
887 2171 1116 2206 subscriptorum

150 2221 283 2253 testium,
315 2221 451 2246 dominus
482 2219 634 2246 Hubaldus
659 2219 750 2254 judex
776 2219 966 2246 Galluriensis
992 2225 1020 2247 et
1044 2220 1117 2247 Tur-

149 2270 261 2296 ritanus
287 2270 454 2303 recognovit
475 2273 502 2295 et
524 2269 577 2295 fuit
607 2269 760 2295 confessus
787 2269 900 2302 publice
929 2274 957 2295 et
987 2278 1042 2296 non
1068 2278 1117 2296 co—

149 2318 263 2352 hactus,
280 2327 312 2345 se
329 2318 444 2350 habere,
466 2322 563 2344 tenere
579 2322 607 2344 et
623 2317 772 2352 possidere
791 2318 825 2344 ab
847 2317 969 2344 ecclesia
987 2318 1117 2345 Romana

150 2500 174 2526 1.
198 2499 238 2526 [ci
262 2508 429 2526 commeuce
453 2508 488 2525 un
511 2499 624 2525 dossier
644 2499 678 2524 ‹lc
701 2499 781 2533 vingt
799 2499 895 2533 pieces
913 2500 1045 2526 relatives
1061 2509 1116 2526 aux

113 2548 204 2576 droits
219 2548 256 2574 du
275 2548 462 2582 Saint—Sii‘ge
480 2556 531 2574 sur
550 2548 590 2573 les
605 2547 786 2581 judicaturos
807 2547 840 2573 de
858 2548 979 2580 Torres,
1002 2548 1117 2575 Gallure

113 2600 142 2624 et
165 2597 311 2627 Arborea,
335 2606 369 2622 en
393 2596 561 2630 Sat-daigne.
586 2595 661 2621 Elles
683 2599 751 2621 vont
772 2595 809 2622 du
834 2596 866 2622 ‘29
891 2605 965 2622 mars
991 2597 1056 2624 1236
1081 2606 1117 2623 au

113 2655 149 2674 au
164 2646 198 2673 29
215 2647 269 2672 mai
291 2646 366 2674 1237.
383 2646 491 2672 Toutcs
508 2650 573 2671 sont
588 2645 622 2671 de
639 2646 663 2671 la
680 2646 771 2671 meme
792 2646 932 2677 ecriture3
953 2649 1048 2672 toutes
1069 2650 1119 2672 ont

113 2698 159 2723 ete
182 2695 377 2729 eni·egistl·ees
394 2704 443 2729 par
466 2695 491 2720 le
514 2694 663 2720 scriniaire
680 2693 798 2720 Nicolas
814 2694 849 2720 de
866 2693 1030 2726 Ferentino,
1049 2695 1118 2721 dont

113 2744 184 2771 elles
201 2748 315 2779 portent
332 2744 356 2770 le
373 2751 590 2777 monogramme
605 2744 620 2769 a
638 2743 662 2768 la
679 2743 727 2769 fin⁴

149 2793 177 2820 2.
194 2792 316 2823 Ardet-a,
332 2792 365 2820 ‘29
381 2800 459 2818 mars
476 2791 554 2818 1236.
569 2804 604 2810 —
618 2790 767 2822 MuratorL
783 2792 858 2823 Ant.,
876 2795 896 2818 t.
912 2791 962 2823 VJ.
980 2800 1007 2826 p.
1026 2792 1066 2818 1-1.
1082 2807 1118 2811 -

113 2841 245 2873 Hubald,
265 2843 337 2876 juge
362 2841 397 2867 de
420 2840 536 2867 Gallure
559 2843 587 2866 et
609 2839 643 2866 de
665 2839 785 2871 Torres,
811 2841 958 2867 reconnait
982 2841 1056 2867 tenir
1080 2841 1118 2867 du

114 2890 301 2924 Saint-Siege
318 2890 343 2916 la
355 2889 520 2924 judicature
536 2888 571 2914 de
587 2887 692 2914 Torres
707 2892 735 2914 et
750 2888 791 2914 les
806 2892 904 2915 autres
919 2889 1068 2916 domaines
1083 2890 1117 2916 de

116 2947 149 2966 sa
166 2940 271 2966 semme
287 2938 423 2965 Adelasia
434 2959 440 2970 ,
457 2940 517 2964 tant
532 2946 567 2963 en
584 2936 741 2972 Sardaigne
756 2942 784 2963 et
799 2946 834 2963 en
850 2937 938 2964 Corse
956 2947 1012 2973 que
1027 2947 1078 2965 sur
1092 2939 1118 2965 le

113 2988 271 3020 continent,
290 2991 318 3014 et
333 2988 412 3022 prete
428 2990 556 3013 serment
571 2986 606 3012 de
621 2986 727 3012 fidelite
743 2987 758 3012 a
774 2986 913 3021 Gregoire
929 2986 983 3014 IX.

1235 402 1398 436 judicatum
1422 402 1604 430 Turritanum
1630 413 1714 438 quem
1742 405 1825 431 babet
1849 413 1900 440 pro
1925 405 2038 432 domina
2063 405 2200 432 Adelasia

1240 458 1328 476 uxore
1343 459 1410 481 sua,
1428 455 1455 477 et
1470 452 1523 478 alia
1540 461 1595 486 que
1615 453 1648 479 ad
1673 454 1762 488 ipsam
1783 454 1954 480 hereditario
1969 456 2036 489 jure
2053 455 2200 489 pertinent

1238 501 1295 524 tam
1312 500 1338 525 iu
1356 499 1486 526 Sardinia
1502 509 1586 535 quum
1608 502 1635 528 in
1653 502 1784 536 Corsica,
1804 503 1891 537 Pisis,
1909 503 2002 530 §lassa
2017 507 2045 530 et
2061 503 2199 530 ubicum-

1237 555 1292 581 que
1308 552 1386 574 sunt.
1406 548 1459 574 I'ro
1480 549 1585 583 quibus
1605 551 1738 577 omnibus
1761 552 1882 578 ecclesie
1902 552 2030 578 Romane
2048 553 2197 586 juramen-

1237 599 1297 622 tum
1321 596 1464 623 fidelitutis
1488 599 1648 632 presltiltit,
1671 601 1808 633 magistro
1827 601 1989 627 Alexandro
2010 601 2156 635 capellano
2172 603 2201 627 et

1238 644 1330 679 legato
1346 646 1501 680 apostolice
1518 647 1595 673 sedis
1613 649 1726 674 nomine
1745 648 1836 683 ipsius
1853 649 1981 676 Romane
1998 649 2121 676 ecclesie
2137 649 2201 676 dic-

1237 697 1297 720 tum
1314 699 1527 721 sacramentum
1543 696 1708 731 recipiente,
1725 699 1811 731 cujus
1828 702 1907 724 tenor
1923 699 1986 724 talis
2003 702 2047 725 est
2065 709 2071 724 :

1274 754 1286 768 n
1308 743 1368 777 Ego
1385 743 1534 771 Hubaldus
1546 745 1636 779 judex
1659 746 1849 773 Galluriensis
1865 751 1893 773 et
1907 747 2078 774 Tui-ritanus
2097 748 2132 774 ab
2146 748 2200 774 hac

1237 791 1307 818 hora
1323 792 1350 818 in
1372 797 1454 818 antea
1470 793 1562 819 fidelis
1576 802 1624 820 ero
1641 798 1668 820 et
1688 795 1826 821 obediens
1841 796 1923 822 beato
1942 796 2024 822 Petro
2042 800 2201 831 sancteque

1240 840 1367 867 Romane
1392 842 1514 868 ecclesie
1538 846 1565 868 et
1591 843 1706 870 domino
1731 852 1793 870 meo
1818 853 1888 879 pape
1914 845 2052 879 Gregorio
2078 846 2201 880 ejusque

1237 890 1460 916 successoribus
1479 892 1615 917 canonice
1634 892 1818 919 intrantibus.
1842 893 1905 920 Non
1929 902 1977 920 ero
2002 894 2028 920 in
2052 894 2125 920 facto
2147 902 2202 921 nec

1237 939 1265 965 in
1281 938 1358 965 dicto
1376 947 1467 973 neque
1488 939 1514 965 in
1536 940 1657 966 consilio
1681 944 1710 966 ut
1732 942 1792 976 ipsc
1810 942 1852 967 vel
1875 942 1986 975 legatus
2002 943 2062 969 sive
2079 943 2199 969 nuntius

1237 988 1302 1021 ejus
1317 988 1405 1013 vitam
1423 988 1540 1022 perdant
1557 992 1605 1014 aut
1628 989 1786 1015 membrum
1807 994 1856 1016 aut
1878 991 2025 1024 capiantur
2046 991 2117 1017 mala
2133 999 2201 1025 cap-

1237 1035 1324 1062 tione.
1350 1035 1507 1062 Consilium
1531 1037 1604 1070 quod
1630 1038 1699 1064 mihi
1725 1038 1858 1065 dominus
1882 1048 1952 1073 papa
1975 1039 2137 1065 crediturus
2156 1043 2202 1065 est

1238 1093 1288 1119 per
1304 1093 1335 1110 se
1351 1085 1393 1110 vel
1409 1094 1458 1119 per
1471 1085 1567 1111 literas
1579 1087 1639 1112 sive
1656 1095 1705 1120 per
1721 1087 1851 1113 nuntium
1869 1096 1963 1118 suum,
1981 1097 2026 1114 mc
2042 1088 2151 1114 sciente
2164 1087 2198 1114 ad

1237 1134 1330 1168 ipsius
1346 1134 1481 1160 damnum
1506 1135 1573 1161 nulli
1597 1135 1728 1169 pandam.
1746 1135 1864 1170 Regalia
1881 1136 1953 1162 beati
1971 1136 2063 1167 Petri,
2083 1140 2110 1163 et
2130 1144 2201 1171 spe·

1237 1183 1346 1209 cialiter
1367 1183 1538 1217 Sardiniam,
1555 1184 1669 1218 adjutor
1683 1193 1731 1210 ero
1747 1185 1781 1211 ad
1798 1185 1977 1212 retinendum
1999 1190 2026 1212 et
2043 1185 2200 1212 defenden-

1238 1233 1305 1257 dum
1329 1235 1429 1258 contra
1449 1241 1562 1258 omnem
1583 1233 1727 1259 hominem
1754 1238 1781 1259 et
1802 1234 2037 1268 reacquirendum
2063 1235 2116 1261 alia
2135 1236 2202 1268 jura

1238 1281 1360 1307 ecclesie
1381 1281 1510 1307 Romane
1533 1282 1705 1316 ubicumque
1727 1282 1848 1315 fuerint,
1870 1291 1934 1308 cum
1961 1292 1976 1308 a
1995 1283 2110 1309 domino
2131 1291 2202 1317 papa

1237 1330 1280 1355 vel
1303 1331 1368 1364 ejus
1389 1334 1467 1357 certo
1488 1331 1588 1356 nuntio
1610 1331 1691 1357 fuero
1707 1331 1875 1365 requisitus.
1898 1331 2019 1366 Insuper
2042 1331 2201 1366 predictum

1233 1379 1394 1413 judicatum
1411 1377 1595 1405 Turi-itanum
1611 1383 1639 1405 et
1654 1379 1708 1405 alia
1723 1388 1779 1413 que
1795 1379 1829 1405 ad
1845 1380 2037 1414 supradictam
2059 1380 2202 1406 dominam

1236 1427 1399 1454 Adelasiam
1420 1436 1536 1454 uxorem
1553 1436 1646 1454 meam
1670 1429 1814 1462 pertinent
1839 1429 1946 1454 nemini
1969 1436 2128 1463 supponam
2151 1436 2202 1454 ne-

1236 1484 1292 1510 que
1308 1476 1361 1502 alio
1378 1476 1462 1502 modo
1482 1476 1655 1507 diminuam,
1677 1477 1740 1502 sine
1764 1476 1894 1503 mandato
1917 1481 1945 1502 et
1968 1477 2081 1503 licentia
2096 1477 2201 1503 summi

1236 1525 1390 1560 pontificis.
1409 1525 1547 1559 Legatum
1567 1525 1723 1560 apostolice
1743 1525 1822 1552 sedis
1840 1526 1960 1552 honeste
1978 1526 2111 1560 recipiam
2128 1529 2157 1552 et
2173 1526 2201 1551 in

1234 1573 1329 1599 eundo
1346 1577 1373 1599 et
1390 1573 1535 1600 redeundo
1551 1573 1707 1600 honorifice
1723 1573 1850 1600 tractabo
1872 1577 1900 1600 et
1921 1574 1950 1600 in
1966 1574 2028 1600 suis
2043 1574 2201 1600 necessita—

1235 1622 1314 1648 tibus
1328 1622 1480 1656 adjuvabo.
1500 1634 1511 1647 u

1269 1661 1377 1697 Actum
1399 1671 1426 1697 in
1450 1671 1555 1706 palatio
1576 1672 1656 1706 regni
1678 1671 1822 1698 Turritani
1838 1671 1872 1698 de
1888 1671 1999 1698 Ardet-a
2014 1679 2109 1698 coram
2126 1671 2200 1698 sub-

1235 1719 1352 1745 scribtis
1366 1720 1500 1753 testibus,
1518 1719 1650 1746 videlicet
1665 1720 1867 1747 Girsarcliensi
1883 1724 1911 1746 et
1926 1720 2109 1755 Empuriensi
2121 1720 2201 1756 epis-

1235 1768 1332 1803 copis,
1357 1768 1473 1794 domino
1496 1768 1647 1795 Lamberto
1667 1769 1769 1795 abbate
1789 1769 1823 1795 de
1844 1768 1973 1801 Falesia,
1999 1791 2017 1796 ..
2042 1770 2144 1796 abbate
2166 1769 2201 1796 de

1236 1816 1382 1851 Saccaria,
1407 1818 1493 1843 fratre
1514 1817 1638 1844 Orlando
1661 1818 1801 1844 monacho
1828 1818 1863 1844 de
1887 1817 2037 1851 Saccaria,
2063 1839 2081 1845 ..
2107 1819 2202 1853 priore

1236 1866 1431 1900 Girareliensi,
1453 1867 1590 1901 magistro
1606 1866 1774 1893 Benencasa
1788 1867 1927 1894 canonico
1943 1868 2033 1894 sancti
2052 1867 2203 1894 Michaelis

1236 1915 1353 1946 Lucani,
1371 1919 1399 1942 et
1415 1915 1572 1942 Benedicto
1589 1916 1692 1942 clerico
1708 1916 1742 1942 de
1758 1916 1872 1949 Alatro,
1894 1920 1921 1942 et
1941 1917 2038 1943 multis
2061 1917 2201 1944 militibus

1236 1964 1351 1990 Pisanis
1365 1965 1471 1991 ibidem
1488 1965 1682 1999 presentibus,
1699 1968 1727 1991 et
1740 1965 1813 1992 aliis.

1271 2012 1332 2048 Ego
1355 2013 1514 2047 Gregorius
1537 2018 1719 2039 sacrosancte
1742 2013 1870 2039 Romane
1893 2014 2014 2040 ecclesie
2031 2015 2201 2041 scriniarius

1235 2062 1269 2088 de
1287 2062 1419 2088 mandato
1435 2062 1503 2088 dicti
1519 2062 1627 2088 domini
1643 2062 1728 2096 legati
1744 2063 1798 2089 hoc
1815 2063 2037 2089 instrumentum
2054 2064 2157 2090 scribsi
2173 2067 2202 2090 et

1234 2111 1380 2145 conpleri,
1406 2119 1526 2144 meoque
1551 2112 1635 2145 signo
1664 2111 1776 2146 signavi
1801 2116 1828 2137 et
1853 2112 1880 2137 in
1913 2112 2053 2145 publicam
2082 2112 2200 2139 sormam

1235 2159 1343 2193 redegi.

1270 2208 1305 2234 Et
1329 2217 1382 2242 ego
1412 2208 1550 2234 Nicolaus
1574 2208 1765 2241 Ferentinus,
1791 2213 1889 2235 sancte
1921 2209 2047 2236 Romane
2077 2210 2200 2237 ecclesie

1234 2256 1403 2283 scriniarius
1417 2279 1423 2288 ,
1454 2258 1508 2284 hoc
1537 2257 1761 2283 instrumentum
1795 2258 1871 2284 sicut
1901 2258 1997 2284 inveni
2026 2259 2053 2284 in
2084 2259 2200 2293 publico

1235 2305 1427 2331 instrumento
1440 2306 1596 2340 exemplari
1611 2314 1674 2336 suo,
1692 2306 1730 2331 nil
1745 2305 1854 2332 addens
1869 2306 1912 2331 vel
1929 2306 2061 2333 minuens
2077 2308 2121 2332 vel
2133 2315 2200 2334 mu-

1234 2357 1310 2387 tans,
1323 2354 1358 2379 de
1376 2355 1462 2380 verbo
1482 2354 1516 2380 ad
1532 2354 1652 2380 verbum
1668 2355 1817 2380 actoritate
1833 2355 1988 2389 apostolice
2003 2355 2080 2382 sedis
2096 2356 2124 2382 in
2142 2365 2200 2391 pu-

1234 2402 1337 2429 blicam
1353 2403 1472 2429 t’ormam
1488 2403 1592 2429 scribsi
1602 2407 1630 2429 et
1645 2403 1760 2437 signum
1775 2403 1841 2430 feci.

1203 2557 1375 2591 [CCCXVII.
1391 2572 1427 2578 -
1442 2556 1483 2583 De
1500 2562 1620 2584 13005111.

1270 2661 1288 2692 η’-
1310 2658 1342 2684 ln
1360 2659 1473 2685 nomine
1489 2658 1597 2685 domini
1613 2659 1704 2685 nostri
1721 2659 1792 2686 Jesu
1813 2659 1930 2686 Christi.
1953 2660 2015 2686 Hoc
2034 2664 2080 2687 est
2100 2668 2199 2687 exem-

1236 2708 1313 2742 plum
1329 2707 1480 2742 cujusdam
1497 2707 1602 2741 publici
1618 2708 1804 2734 instrumenti
1819 2708 1905 2742 hujus
1921 2709 2030 2735 tenoris
2049 2720 2054 2734 :

1237 2889 1259 2914 1.
1276 2887 1396 2919 Ardet-a,
1421 2887 1454 2914 29
1478 2896 1553 2914 mars
1577 2887 1653 2914 1236.
1678 2902 1713 2907 —
1739 2887 1886 2922 Mummi-i,
1909 2891 2024 2922 .411t.,t.
2044 2889 2091 2921 VI,
2115 2900 2142 2925 p.
2167 2892 2195 2919 9.

1198 2936 1291 2963 Meme
1307 2945 1379 2963 aveu
1392 2940 1420 2963 et
1435 2937 1527 2963 meme
1543 2941 1671 2963 serment
1682 2948 1687 2967 ;
1700 2936 1862 2963 d¹Adelasia
1878 2937 2053 2973 elle-meme,
2068 2950 2079 2963 (ι
2093 2941 2170 2967 reine
2181 2953 2197 2965 ιν

1197 2985 1232 3012 de
1247 2985 1350 3012 Torres
1367 2988 1395 3012 et
1408 2984 1532 3012 Gallure.
