2392 3571
654 312 705 341 LE
729 312 873 341 LIBER
897 310 1131 341 CENSUUM
1155 311 1210 341 DE
1234 306 1420 340 L’EGLISE
1444 310 1654 340 ROMAINE.
2146 310 2202 341 537

143 379 270 408 luerunt
284 379 358 407 dare
373 379 508 414 fodrum,
527 384 553 407 et
568 379 616 407 illi
631 378 666 407 cle
682 378 818 407 Flazano
836 379 988 406 miserunt
1003 378 1042 406 ad
1055 378 1114 406 Ba-

142 432 317 461 runcellum
334 432 385 468 [et]
400 432 571 460 Johannem
595 431 752 459 Guilletmi
767 435 794 459 et
808 431 1018 467 promiserunt
1033 434 1114 459 stare

143 484 301 513 mandatis
319 493 437 513 eorum.
461 484 497 512 Et
523 484 602 512 vidit
617 483 696 520 quod
719 483 864 512 (lominus
888 484 987 511 Donus
1008 483 1115 511 habuit

142 537 332 566 Nucelletum
347 541 374 565 et
390 537 499 565 tenuit.
523 537 595 565 Item
613 536 688 565 dicit
707 536 786 572 quod
802 536 926 564 Manens
941 535 1114 563 Bonicomi-

145 591 184 619 tis
205 591 303 618 tenuit
323 594 440 618 turrem
462 589 496 617 de
523 589 657 626 Usiynio.
682 589 756 616 Item
779 589 855 617 dicit
870 588 949 625 quod
966 588 1028 623 fuit
1045 596 1114 616 cum

144 643 268 671 domino
295 643 414 670 Roberto
441 641 475 670 de
499 641 663 678 Bonvayno
691 641 774 678 apud
799 641 921 669 Roccam
947 640 981 668 de
1008 640 1092 668 Unda
1104 663 1110 674 ‚

144 695 284 732 Scoplum
300 694 334 722 de
347 694 450 728 Medio,
471 698 497 722 et
515 694 563 722 illi
578 693 612 721 de
630 694 720 721 Rocca
737 698 762 721 et
778 693 811 721 de
826 693 930 730 Scoplo
946 692 1116 721 obediebant

144 747 196 776 eis.
214 746 309 775 Aliud
324 745 399 774 dicit
411 754 440 773 se
457 746 581 774 nescire.

186 799 332 828 Dominus
354 798 464 827 Ismael
486 797 519 826 de
541 798 645 826 Cassia
659 798 788 834 juratus
808 797 1015 833 interroyatus
1036 796 1116 825 dixit

146 851 225 889 quod
247 851 311 880 dua:
331 850 489 880 Conradus
512 850 610 878 tenuit
634 854 748 878 turrem
776 849 810 877 cle
834 850 957 886 Usinyio
979 854 1004 877 et
1023 854 1116 877 totam

147 909 262 933 terram
280 903 313 932 cle
328 903 483 937 Berardis,
504 911 621 930 roccam
635 902 668 930 de
683 902 762 930 Valle
775 902 809 930 de
825 910 885 938 qua
901 901 985 930 modo
1000 902 1117 936 factum

146 957 381 989 estFlazanum,
393 960 418 984 et
431 960 523 984 totam
540 955 649 984 vallem
665 954 699 983 cle
707 955 805 983 Narco
813 966 822 990 ς
837 959 862 983 εἰ
873 955 947 983 dicit
961 955 1039 991 quod
1055 955 1118 983 dum

147 1010 305 1040 conradus
319 1010 425 1038 habuit
440 1009 610 1037 Perocclum
621 1013 646 1036 et
658 1009 759 1037 collem
772 1009 973 1036 Revalliosum
986 1019 994 1039 .·
1005 1013 1031 1036 et
1043 1008 1119 1036 dicit

146 1063 225 1100 quod
241 1071 343 1091 omnes
356 1063 511 1099 Josepiynt
525 1066 551 1090 et
566 1061 695 1090 Berarcli
710 1061 883 1089 obediebant
897 1061 966 1089 duci
981 1061 1118 1090 Conrado

148 1121 295 1153 tanquam
313 1115 450 1150 dom-ino,
477 1119 502 1143 et
518 1114 637 1143 domini
654 1114 688 1142 cle
703 1114 777 1142 Rivo
794 1114 923 1142 Bothuri
940 1118 966 1142 et
982 1113 1015 1142 cle
1028 1113 1119 1150 podio

146 1169 291 1198 Busconis
314 1168 486 1197 obediebant
509 1167 580 1196 duci
601 1168 758 1202 similiter,
783 1171 809 1195 et
831 1167 951 1195 domini
971 1167 1006 1195 cle
1026 1166 1119 1194 Ponte

147 1220 319 1249 obediebant
338 1220 411 1248 duci
426 1225 452 1248 et
470 1220 589 1248 domini
605 1220 639 1248 cle
655 1220 814 1248 Ancaiano
830 1224 857 1248 et
875 1219 909 1247 de
928 1219 1076 1256 Lapirino
1093 1224 1119 1248 et

147 1273 182 1302 de
198 1273 304 1302 Cisello
319 1273 492 1301 obediebant
508 1273 579 1301 duci
595 1272 733 1302 Conrado
749 1277 897 1309 tanquam
913 1272 1048 1300 domino.

187 1326 336 1354 Dominus
347 1325 528 1355 Sinibaldus
543 1326 577 1354 cle
593 1326 798 1363 Arpanniano
809 1326 940 1362 juratus
950 1330 976 1354 et
988 1326 1119 1354 interro-

146 1378 325 1416 9atusdix=it
340 1378 420 1415 quod
428 1378 572 1407 dominus
583 1379 737 1407 Johannes
745 1378 779 1406 de
789 1378 958 1415 Columpna
971 1378 1078 1406 habuit
1093 1382 1119 1406 et

149 1432 247 1460 tenuit
264 1436 381 1460 turrem
397 1431 430 1460 de
446 1432 564 1460 Arnata
583 1436 610 1460 et
630 1431 837 1466 Vetranulam,
860 1436 886 1459 et
901 1431 935 1459 in
955 1431 1120 1459 Vetranula

146 1489 211 1514 erat
234 1485 418 1513 castellanus
435 1489 524 1522 paler
542 1485 642 1521 ipsius
658 1485 748 1519 testis,
770 1489 796 1512 et
815 1485 875 1521 ipse
896 1484 977 1512 testis
996 1485 1058 1519 suit
1077 1484 1120 1512 ibi

149 1538 210 1566 loco
226 1539 326 1575 patris
347 1538 414 1573 sui;
435 1537 485 1566 sed
507 1538 663 1574 episcopus
683 1537 871 1565 Belcacensis
888 1537 1022 1566 reddidit
1039 1541 1120 1574 post-

148 1590 274 1619 modum
296 1590 491 1619 Vetranulam
513 1589 648 1618 dominis
670 1589 704 1618 de
725 1590 871 1618 mandato
894 1589 1014 1618 domini
1030 1598 1118 1626 pape.

149 1643 361 1680 Interroyatus
377 1642 524 1679 quomodo
535 1642 601 1676 scit,
616 1642 780 1678 dicitquod
794 1642 917 1670 audivit
934 1642 991 1679 leyi
1003 1642 1121 1670 litteras

150 1701 176 1726 et
192 1697 299 1725 habuit
318 1697 350 1724 in
366 1696 452 1724 domo
468 1704 525 1724 sua
542 1695 671 1724 litteras.
689 1695 769 1724 Dicit
784 1696 875 1723 etiam
893 1695 973 1732 quod
992 1700 1121 1732 tempore

151 1750 280 1787 episcopi
295 1749 484 1778 Belvacensis
506 1749 613 1776 habuit
633 1749 723 1777 curia
739 1748 916 1776 Planeriam
935 1752 961 1776 et
984 1749 1044 1785 ipse
1065 1752 1122 1776 tes-

152 1803 191 1831 tis
207 1803 270 1837 fuit
288 1802 329 1830 ibi
346 1802 467 1830 balivus
479 1809 535 1838 per
549 1801 644 1829 Adam
662 1801 696 1829 de
715 1801 843 1838 Tenayio
860 1806 885 1829 et
903 1801 1063 1838 recipiebat
1079 1801 1121 1829 ibi

150 1856 252 1884 hanna
264 1855 387 1890 fodrum
406 1859 432 1883 et
447 1855 561 1890 follias.
578 1855 658 1882 Dicit
675 1855 765 1882 etiam
781 1855 859 1891 quod
874 1855 935 1889 fuit
949 1855 989 1882 ibi
1002 1855 1123 1882 balivus

147 1917 202 1946 per
220 1908 351 1944 fratrem
372 1907 530 1944 Eyidium.
555 1907 629 1935 Item
651 1907 726 1935 dicit
745 1907 824 1943 quod
845 1907 967 1943 quando
994 1912 1123 1943 tempore

150 1960 247 1990 Adam
265 1960 298 1989 de
314 1961 444 1998 Tenayio
462 1960 609 1988 dederunt
628 1961 676 1988 illi
688 1960 722 1988 a'e
738 1960 831 1988 Forca
845 1961 937 1988 Melon
946 1961 970 1988 is
983 1960 1118 1995 fodrum,

151 2013 275 2042 denarii
291 2014 419 2049 fuerunt
440 2013 529 2048 salsi,
552 2017 578 2041 et
595 2013 739 2041 dominus
756 2014 942 2041 Octavianus
962 2013 995 2040 de
1016 2013 1123 2041 Polino

150 2067 262 2103 recepit
278 2067 348 2095 ¹illos
363 2070 388 2094 et
404 2066 488 2094 misit
504 2066 592 2094 bonos
606 2075 660 2103 per
676 2066 825 2094 nuntium
840 2074 944 2094 suum.
962 2066 1034 2094 Item
1048 2066 1124 2094 dicit

151 2119 231 2156 quod
246 2119 305 2147 ivit
322 2119 487 2156 Gaveyium
505 2123 532 2147 et
547 2119 658 2156 recepit
675 2119 715 2147 ibi
728 2127 785 2156 pro
801 2120 890 2147 curia
907 2119 1009 2147 banna
1025 2123 1050 2146 et
1063 2119 1123 2153 fol-

153 2172 212 2200 lias
230 2176 256 2200 et
271 2171 390 2200 salaria
408 2172 441 2201 cte
461 2172 562 2200 causis
577 2176 604 2200 et
620 2172 722 2208 posuit
745 2172 787 2199 ibi
803 2172 941 2207 bajulum
959 2180 1014 2208 pro
1035 2171 1124 2200 curia

150 2224 311 2261 quemdam
321 2224 663 2261 quidiciturJohannes
671 2224 705 2252 de
716 2225 843 2252 Berano.
854 2224 926 2252 Fuit
937 2225 1027 2252 ctiam
1042 2224 1124 2261 apud

152 2277 289 2306 Cassiam
301 2281 328 2305 et
340 2278 450 2314 vrecepit
465 2277 506 2305 ibi
516 2277 765 2314 procurationem
781 2281 806 2305 et
824 2277 931 2314 recepit
941 2278 1125 2314 juramenta

151 2331 187 2359 ab
199 2330 377 2359 hominibus
389 2334 415 2358 et
430 2330 532 2358 banna
545 2334 571 2358 et
583 2330 698 2366 follias.
715 2331 790 2359 Item
803 2330 877 2359 dicit
888 2330 967 2367 quod
977 2331 1125 2359 Fidanzia
1150 2320 1153 2322 ,

152 2383 252 2412 tenuit
264 2382 388 2412 Osmum
397 2391 452 2420 per
463 2382 622 2411 dominum
635 2383 807 2411 Ber-toldum
820 2388 847 2411 et
859 2383 957 2411 tenuit
967 2384 1059 2412 etiam
1074 2392 1126 2412 rex

151 2425 304 2465 Johannes
323 2440 350 2464 et
364 2435 495 2464 Pedium
513 2435 606 2471 domi,
625 2440 651 2464 et
668 2436 731 2473 ipse
749 2436 830 2464 testis
847 2436 944 2464 tenuit
959 2444 1014 2472 per
1028 2436 1125 2464 Adam

152 2489 187 2518 de
210 2489 340 2525 Tenayio
357 2492 383 2517 et
403 2488 514 2525 recepit
536 2488 608 2516 inde
632 2488 736 2517 banna
760 2493 786 2517 et
803 2489 906 2524 sollius
929 2493 955 2517 et
974 2497 1124 2525 procura—

154 2543 262 2578 tiones,
288 2546 314 2570 et
332 2541 431 2570 Adam
449 2546 601 2578 receperat
624 2541 693 2570 inde
708 2542 844 2577 fodrum.
863 2542 936 2570 Item
958 2542 1032 2571 dicit
1047 2541 1126 2579 quod

153 2600 284 2632 tempore
299 2594 420 2623 domini
438 2594 590 2623 Johannis
607 2594 641 2623 cle
657 2594 826 2632 Columpna
841 2595 904 2630 fuit
919 2595 1002 2632 apud
1016 2595 1126 2624 Frusi-

154 2648 245 2677 nium
260 2656 330 2677 cum
347 2647 522 2676 Baroncello
540 2647 595 2684 qui
613 2652 677 2676 erat
698 2647 741 2676 ibi
758 2656 813 2685 per
832 2648 994 2677 dominum
1009 2649 1126 2677 Jolzan-

153 2709 223 2729 nem
245 2705 272 2729 et
295 2700 404 2737 recepit
426 2700 469 2728 ibi
490 2701 737 2736 procurationem
754 2705 781 2729 et
795 2702 908 2738 petebat
930 2702 970 2730 ibi
988 2701 1124 2737 fodrum.

140 2754 229 2782 rItem
259 2752 335 2781 dicit
361 2752 440 2788 quocl
465 2753 528 2787 fuit
555 2760 626 2780 cum
651 2753 800 2782 Homodeo
827 2753 982 2791 capellano
1008 2754 1127 2782 domini

153 2805 306 2835 Johannis
330 2804 364 2833 de
385 2804 554 2842 Columpna
573 2805 657 2842 apud
676 2805 793 2834 Visium
817 2811 844 2834 et
867 2807 930 2843 ipse
950 2806 1128 2843 capellanus

152 2857 335 2896 precipiebat
359 2861 386 2885 ct
410 2857 574 2893 recipiebat
597 2857 700 2886 banna
724 2862 750 2886 et
773 2859 877 2893 follias
900 2863 926 2886 et
950 2859 1067 2887 salaria
1093 2858 1127 2887 cle

155 2911 257 2940 causis
275 2910 392 2946 integre
408 2914 434 2938 et
450 2910 557 2938 nullus
573 2910 656 2938 alius
671 2910 705 2938 de
722 2915 803 2939 terra
822 2916 886 2939 erat
900 2920 957 2948 pro
972 2920 1003 2939 eo
1018 2915 1124 2940 rector.

196 2963 312 2991 Paulus
326 2962 398 2990 Lute
413 2961 447 2990 de
463 2962 576 2998 Cassia,
591 2962 721 2998 juratus
736 2963 941 2999 interi-oqatus
953 2963 1033 2991 discit
1049 2963 1129 3000 quod

259 3027 345 3054 Lmen
363 3026 508 3054 Csnsnnu.
526 3040 563 3047 -
581 3026 604 3054 1.

1236 377 1316 406 vidit
1340 377 1419 413 quod
1442 382 1606 413 antequam
1635 379 1732 406 turris
1757 378 1790 405 de
1812 379 1930 406 Arnata
1953 382 2024 406 esset
2052 378 2203 406 destructa

1237 433 1366 466 tempore
1379 429 1457 465 ressis
1469 429 1628 463 Johwznis,
1644 438 1697 457 ¹rem
1707 430 1860 458 „lohannes
1873 429 1996 458 habebat
2010 430 2052 457 ibi
2066 430 2204 458 balivum

1237 489 1326 509 suum
1343 485 1368 508 et
1384 481 1542 517 recipiebat
1562 482 1601 508 ibi
1618 482 1718 510 banna
1732 482 1872 517 etsollias
1887 486 1913 510 et
1925 482 2041 510 salaria
2059 482 2093 509 <Ie
2105 483 2206 510 causis

1238 538 1264 562 et
1278 533 1413 568 fodrum,
1434 538 1459 561 et
1479 534 1584 561 nullus
1600 539 1664 561 erat
1685 534 1724 562 ibi
1744 539 1838 562 rector
1861 535 1921 562 nisi
1942 535 1993 562 illc
2012 543 2097 570 quem
2115 535 2203 562 curia

1238 586 1446 614 constituebat.
1464 586 1538 613 Item
1561 586 1639 614 dizit
1665 586 1742 622 quod
1764 592 1892 623 tempore
1913 587 2030 614 domini
2053 587 2205 615 Johannis

1239 639 1272 667 ile
1290 638 1457 675 Columpna
1475 639 1559 666 misit
1575 639 1741 667 Homocleus
1760 640 1934 675 capellanus
1952 639 2071 667 domini
2087 639 2204 667 ,lolian-

1239 693 1288 720 nis
1304 691 1337 719 cle
1354 692 1521 727 Columpna
1541 691 1580 719 ad
1603 692 1738 719 homines
1759 692 1792 719 de
1811 692 2038 719 Furcarnelonis
2056 692 2134 728 quod
2147 693 2204 728 ju-

1238 748 1346 772 rarent
1369 748 1450 771 stare
1476 743 1629 771 mandatis
1654 745 1756 772 curie:
1782 749 1807 772 et
1835 745 1908 780 quia
1936 745 1985 772 illi
2013 749 2204 772 rennuerunt

1239 797 1383 824 dominus
1406 796 1464 823 Otlo
1484 796 1517 823 cle
1540 796 1707 832 Columpna
1729 797 1878 832 equitavit
1899 801 1924 824 et
1945 798 2020 833 cepit
2044 797 2112 824 inde
2133 806 2203 833 pre-

1240 848 1309 876 dam
1327 853 1353 876 et
1370 848 1420 876 itti
1434 848 1623 884 postmodum
1635 849 1824 884 juraverunt
1842 854 1921 877 stare
1938 849 2094 877 mandatis
2109 850 2204 877 curie.

1242 901 1274 928 Et
1293 901 1470 937 capellanus
1485 901 1674 936 postmodum
1704 902 1759 929 ivit
1784 902 1858 929 illuc
1879 906 1919 934 et,
1939 902 2017 929 sicut
2041 902 2100 937 ipse
2126 902 2207 929 testis

1240 954 1362 982 audivit
1377 954 1412 981 ab
1430 954 1491 990 ipso
1507 954 1673 990 capellano,
1693 954 1752 990 ipsc
1768 954 1944 990 capellanus
1956 955 2062 982 habuit
2079 955 2119 981 ibi
2135 962 2207 990 pro·

1240 1007 1429 1035 curationem
1452 1010 1477 1034 et
1502 1007 1562 1042 ipse
1586 1007 1667 1034 testis
1686 1006 1763 1034 vidit
1780 1012 1805 1034 et
1824 1007 1965 1041 interfuit
1981 1007 2103 1043 quanda
2121 1006 2207 1035 dede-

1241 1064 1315 1087 rant
1330 1058 1466 1094 fodrum.
1490 1059 1561 1086 Item
1584 1059 1663 1086 <lixit
1688 1059 1766 1094 quod
1789 1064 1917 1095 tempore
1937 1059 2067 1095 ejusdem
2087 1059 2207 1087 domini

1239 1112 1392 1141 Johannis
1407 1112 1494 1139 curia
1511 1111 1624 1139 tenebat
1640 1111 1832 1139 Vetranulam
1852 1116 1876 1139 (t
1893 1112 2018 1146 Brufam
2039 1116 2064 1139 et
2083 1112 2205 1139 Rom-am

1242 1165 1275 1193 de
1290 1165 1379 1199 Samo,
1404 1169 1429 1192 et
1451 1164 1579 1192 Montani
1599 1164 1704 1191 Sancti
1725 1164 1782 1191 Viti
1803 1168 1827 1191 el
1849 1164 1952 1191 villain
1978 1164 2082 1192 Sancti
2106 1164 2163 1191 Viti
2183 1168 2209 1191 et

1243 1219 1350 1255 recepit
1370 1217 1440 1245 incle
1458 1217 1596 1252 fodrum,
1623 1217 1723 1244 banna
1747 1221 1772 1244 et
1793 1216 1906 1251 sollius.
1933 1216 2004 1243 Item
2030 1216 2109 1244 (lizeit
2131 1216 2210 1252 quod

1241 1271 1350 1308 recepit
1370 1270 1403 1298 tle
1418 1270 1546 1306 Gaveyio
1563 1269 1685 1304 fodrum
1709 1273 1734 1296 et
1755 1269 1877 1296 habebat
1901 1269 1942 1296 ibi
1965 1269 2099 1296 balivum
2118 1277 2207 1296 suum

1242 1329 1268 1352 et
1284 1324 1436 1352 ¹miserunt
1452 1322 1607 1360 capellano
1625 1329 1718 1358 usque
1734 1322 1773 1349 ad
1792 1322 1986 1349 l'etranularn
2006 1322 2209 1357 adjutorium,

1241 1378 1355 1406 scilicet
1369 1377 1480 1413 pullos,
1499 1384 1553 1404 ova
1577 1380 1603 1403 et
1625 1375 1702 1403 edos.
1728 1375 1797 1403 Item
1823 1375 1903 1402 sliri!
1925 1375 2003 1411 quod
2024 1383 2090 1402 cum
2110 1375 2157 1402 illi
2176 1375 2210 1402 cle

1243 1430 1319 1459 Casu
1340 1429 1453 1458 nollent
1470 1429 1567 1464 facere
1583 1427 1730 1456 mandata
1751 1428 1835 1456 curie
1851 1427 1884 1455 cle
1900 1427 2046 1455 mandato
2061 1428 2213 1464 capellani

1242 1483 1304 1519 ipse
1321 1482 1402 1510 testis
1417 1482 1494 1518 cepit
1509 1482 1552 1509 bis
1566 1480 1691 1517 predam
1709 1480 1743 1508 ‹Ic
1760 1481 1837 1509 Casu
1855 1484 1880 1508 et
1897 1480 1939 1508 sic
1958 1480 2007 1507 illi
2020 1480 2211 1516 juraverunt

1242 1540 1322 1564 stare
1340 1534 1496 1562 mandatis
1512 1534 1606 1562 curie.
1627 1533 1699 1561 Item
1717 1532 1798 1560 dizit
1815 1532 1849 1560 cle
1870 1533 1932 1560 illis
1947 1533 1980 1559 de
1996 1533 2092 1560 Monte
2107 1532 2212 1561 Sancti

1244 1589 1334 1617 Petri.
1353 1588 1427 1616 Item
1445 1587 1524 1615 (lixit
1540 1586 1619 1622 quod
1633 1586 1680 1614 illi
1693 1586 1726 1613 (Ie
1739 1585 1870 1613 Flaiano
1883 1585 2029 1613 dederunt
2045 1585 2166 1620 fodrum
2185 1590 2212 1613 et

1241 1641 1488 1678 procurationem
1505 1644 1530 1667 et
1542 1639 1664 1667 habebat
1682 1639 1722 1666 ibi
1739 1638 1905 1666 Homocleus
1919 1638 2055 1665 balii-um
2073 1646 2162 1665 suum
2177 1637 2211 1665 (Ie

1243 1699 1343 1723 castro
1364 1693 1470 1721 Sam-tt
1494 1692 1601 1720 Felicis
1618 1696 1645 1719 et
1665 1691 1774 1727 recepit
1791 1690 1925 1725 fodrum.
1948 1691 2019 1718 Item
2041 1690 2117 1718 cidit
2133 1689 2212 1726 quod

1247 1747 1394 1774 Paternus
1409 1745 1470 1780 fuit
1483 1744 1764 1772 excommunicatus
1775 1744 1810 1771 ab
1825 1743 1886 1780 ipso
1899 1743 2054 1779 capellano
2070 1747 2095 1770 et
2112 1747 2212 1778 postea

1245 1799 1383 1827 homines
1410 1798 1505 1834 ipsius
1533 1797 1626 1824 castri
1640 1796 1832 1832 juraverunt
1854 1800 1934 1823 stare
1960 1794 2114 1822 mandatis
2134 1795 2210 1823 suis.

1243 1851 1316 1879 Item
1331 1850 1409 1878 (lixit
1421 1849 1499 1886 quod
1514 1849 1621 1885 recepit
1637 1849 1696 1884 ipse
1711 1848 1886 1884 capellanus
1901 1847 2022 1882 fodrum
2036 1847 2070 1875 de
2082 1847 2208 1881 Cerreto,

1245 1909 1270 1932 et
1287 1904 1320 1932 tle
1336 1903 1473 1937 Sellano,
1497 1906 1522 1930 et
1538 1902 1629 1929 Rocca
1645 1900 1786 1934 Atberici,
1806 1900 1903 1928 tenuit
1928 1900 2019 1927 etiam
2045 1904 2160 1927 turrem
2179 1899 2213 1927 de

1248 1956 1371 1993 Usinqz'o
1391 1960 1417 1984 et
1441 1954 1602 1991 recipiebat
1627 1953 1695 1981 inde
1718 1953 1819 1981 banna
1844 1957 1870 1980 et
1895 1952 1999 1987 follias
2025 1956 2050 1979 et
2076 1951 2212 1986 fodrum.

1244 2011 1318 2039 Item
1336 2010 1417 2037 clia-it
1433 2009 1466 2036 de
1483 2008 1575 2036 Podio
1594 2007 1691 2035 Domi.
1714 2006 1786 2034 Item
1805 2005 1885 2034 (lixit
1901 2005 1979 2042 quod
1999 2005 2032 2033 de
2053 2005 2215 2041 Curtiynio

1245 2063 1352 2091 habuit
1368 2062 1468 2090 banna
1485 2065 1510 2089 et
1525 2060 1628 2095 sollius
1647 2064 1674 2087 et
1691 2058 1823 2094 fodrum,
1849 2058 1995 2086 similiter
2019 2058 2052 2085 (Ie
2077 2058 2214 2085 Frosivio

1245 2120 1272 2144 et
1288 2115 1448 2151 Revoreyio
1466 2118 1492 2142 et
1513 2113 1547 2141 de
1571 2111 1738 2148 Trepidella
1753 2115 1779 2139 et
1796 2111 1829 2139 de
1846 2115 1959 2138 rocceta
1979 2110 2013 2138 cle
2038 2110 2122 2138 [Inda
2139 2114 2164 2138 et
2181 2110 2215 2138 de

1245 2168 1372 2206 Scopulo
1387 2167 1421 2195 cle
1437 2166 1543 2195 Medio.
1560 2165 1641 2194 Idem
1659 2164 1740 2192 dimit
1758 2164 1792 2191 de
1807 2164 1898 2191 Rocca
1914 2162 2047 2198 Arnulfi,
2065 2162 2099 2190 (Ie
2115 2161 2214 2195 Glette.

1247 2221 1280 2249 (le
1291 2221 1402 2250 Sancto
1422 2219 1492 2254 Vito,
1510 2218 1544 2246 cle
1562 2218 1641 2246 Valle
1658 2217 1748 2250 Olane,
1762 2216 1795 2244 de
1811 2216 1897 2244 Prece
1912 2220 1938 2243 et
1954 2215 1987 2243 cle
2003 2215 2098 2243 Jlonte
2110 2214 2217 2243 Sancti

1246 2273 1394 2307 Martini‚·
1415 2276 1441 2300 et
1459 2271 1539 2299 diarii
1558 2269 1637 2306 quozl
1658 2269 1694 2297 ab
1715 2269 1840 2296 Abbatia
1859 2267 1966 2295 habuit
1981 2266 2148 2295 Homodeus
2164 2274 2217 2295 ca-

1245 2326 1388 2364 pellanus
1409 2324 1542 2360 fodrum,
1567 2323 1669 2351 banna
1693 2326 1719 2350 et
1742 2321 1862 2356 solitas:
1881 2319 1915 2348 de
1934 2320 2010 2348 risis
2026 2320 2105 2348 dixit
2125 2320 2212 2355 idern,

1247 2384 1274 2408 et
1289 2379 1369 2408 dimit
1385 2378 1464 2415 quod
1479 2377 1656 2414 capellanus
1669 2374 1792 2403 habebat
1811 2374 1852 2402 ibi
1867 2374 2066 2402 castellanum
2085 2381 2175 2401 suum
2191 2378 2218 2401 et

1247 2432 1354 2461 nullus
1370 2431 1403 2460 de
1420 2435 1501 2459 terra
1517 2429 1679 2465 recipiebat
1692 2427 1731 2455 ibi
1743 2426 1876 2463 aliquid
1894 2425 1973 2453 Idem
1991 2425 2072 2453 discit
2087 2425 2120 2453 de
2137 2425 2218 2453 Valle

1247 2485 1388 2518 Nuclcta‚·
1408 2483 1441 2511 de
1456 2486 1554 2511 castro
1569 2480 1676 2510 Sancti
1692 2479 1822 2508 Martini
1841 2478 1922 2506 dixit
1937 2477 2016 2514 quod
2032 2482 2096 2505 erat
2112 2478 2216 2506 dema-

1248 2539 1337 2568 nium
1361 2537 1457 2565 curic.
1482 2535 1563 2564 Idem
1583 2534 1664 2562 dixit
1687 2533 1720 2561 de
1736 2532 1855 2561 Savello
1878 2535 1904 2559 et
1922 2530 1956 2559 de
1971 2530 2082 2559 Sancto
2096 2530 2217 2559 Andrea

1247 2596 1273 2620 et
1288 2591 1322 2619 cle
1337 2589 1476 2618 Nocoria.
1493 2587 1587 2616 Aliud
1603 2586 1678 2615 dicit
1692 2594 1721 2614 se
1737 2585 1862 2613 nescire.

1209 2726 1380 2758 CCLXXI.
1392 2741 1433 2749 —
1447 2725 1516 2755 Hoc
1529 2733 1584 2754 EST
1596 2730 1846 2752 msrnuussan
1859 2727 2027 2750 EMPTIONJS
2041 2728 2182 2749 mmmm
2192 2719 2214 2748 ¹.

1290 2817 1356 2858 [μή]
1387 2835 1426 2838 —
1456 2818 1494 2846 In
1524 2816 1639 2845 Christi
1666 2815 1807 2847 nomine,
1835 2820 1937 2841 amen.
1966 2813 2053 2840 Anno
2084 2811 2215 2848 ejitsdem

1248 2964 1271 2989 1.
1290 2962 1443 2994 Muratori,
1460 2962 1565 2993 Antiq„
1583 2963 1604 2985 t.
1621 2957 1642 2989 I,
1661 2967 1687 2992 p.
1705 2957 1768 2984 689.
1785 2972 1818 2976 —
1835 2957 1862 2982 ⁴2⁰
1875 2955 1977 2986 Terni‚
1995 2955 2084 2990 &glise
2102 2954 2217 2981 Sainte-

2043 3016 2077 3043 68
