2392 3571
650 353 699 382 LE
724 353 868 383 LIBER
891 353 1125 383 CENSUUM
1149 354 1202 382 DE
1227 346 1412 383 L'EGLISF]
1435 354 1644 384 ROMAINE.
2136 357 2192 387 555

137 417 257 445 Senese.
276 416 346 443 Item
363 417 398 443 de
419 417 512 444 feudis
528 417 636 444 addidit
659 422 686 444 et
709 418 781 444 dixit
800 418 876 452 quod
893 418 1061 444 Boccasevu
1079 422 1106 444 et

139 464 241 492 Pierus
258 465 397 497 Sti-ambi,
415 469 442 492 et
459 465 561 492 Pierus
577 466 730 500 presbiteri
752 466 895 493 Dominici
912 470 940 492 et
958 466 1106 493 Rolandus

136 513 205 539 Neri
227 514 390 540 habuerunt
407 514 539 540 similiter
554 514 637 540 feuda
653 523 667 540 3
684 516 763 540 curia
779 516 855 541 sicut
870 515 916 541 alii
933 514 1106 549 supradicti;

137 565 164 588 et
186 561 294 588 addidit
318 565 346 587 et
365 561 438 588 dixit
457 561 532 596 quod
554 570 588 587 ex
607 566 740 596 precepto
762 562 841 588 curie
864 563 915 588 suit
931 562 1006 596 quod
1023 570 1107 588 nemo

136 609 222 635 audet
238 609 361 635 vendere
378 609 421 635 vel
433 609 558 635 alienare
569 609 674 643 aliquid
691 610 725 635 de
741 610 876 643 predictis
893 610 997 641 feudis,
1014 613 1042 636 et
1058 609 1107 643 qui

136 661 246 684 emeret
261 658 445 684 ammitteret.
460 656 529 683 Item
544 657 651 683 addidit
663 662 691 683 et
701 658 773 684 dixit
786 658 861 692 quod
875 658 923 684 filii
937 657 1009 684 Pieri
1026 666 1108 693 pres-

137 706 221 732 biteri
242 705 386 732 Dominici
404 705 594 731 vendiderunt
616 706 716 731 vineas
734 710 761 732 et
782 710 872 732 terras
892 706 926 731 de
949 706 1033 732 feudo
1054 714 1108 732 suo

136 753 280 786 Carineio,
301 756 329 779 et
349 752 421 779 dixit
442 753 518 787 quod
544 753 603 779 fere
626 761 726 779 omnes
747 753 938 779 vendiderunt
959 753 993 779 de
1015 753 1108 780 feudis

136 809 251 833 eorum,
277 801 394 835 quidam
418 801 499 835 plus,
521 801 637 835 quidam
659 802 765 827 minus.
783 801 854 828 Item
870 801 978 827 addidit
994 805 1022 827 et
1037 802 1108 828 dixit

136 849 211 883 quod
230 849 369 875 medietas
382 849 463 875 vallis
478 848 577 875 Viceni
594 852 639 875 est
654 849 688 875 de
704 851 783 875 curia
798 849 920 881 Priceni,
933 853 961 875 et
973 850 1108 876 heremus

135 901 164 924 et
177 897 292 932 podium
307 897 390 924 Petro
402 897 515 924 Alvelle
527 898 660 924 similiter
669 902 697 924 et
708 898 794 924 Collis
804 898 968 925 Rotundus.
986 898 1029 924 De
1046 899 1109 925 aliis

135 946 206 972 dixit
223 945 297 972 idem
315 946 391 980 quod
408 945 548 973 Stefulus.

172 994 332 1020 Zabulinus
349 995 383 1020 de
405 994 526 1021 Priceno
541 995 650 1029 juravit
666 995 742 1021 sicut
761 995 807 1020 alii
825 994 982 1029 supradicti
998 998 1108 1026 testes;

134 1042 184 1076 qui
203 1050 257 1068 suo
274 1043 444 1076 juramento
464 1042 536 1068 dixit
560 1042 635 1068 idem
659 1050 709 1076 per
729 1042 825 1068 omnia
844 1043 919 1076 quod
942 1042 978 1069 R.
997 1043 1109 1076 primus

136 1091 236 1124 testis,
254 1094 350 1124 preter
373 1090 450 1124 quod
474 1090 546 1117 dixit
570 1091 645 1125 quod
666 1092 728 1125 ipse
747 1099 796 1125 pro
817 1099 834 1117 x
851 1091 932 1117 libris
947 1091 1016 1117 emit
1035 1091 1109 1118 bona

137 1138 224 1165 Grafii
245 1139 279 1164 ab
305 1139 440 1173 hospitali
463 1139 497 1165 ad
522 1140 689 1173 pensionem
711 1147 749 1166 xii
775 1139 959 1166 denariorum
985 1140 1109 1174 singulis

136 1187 219 1213 annis
232 1186 441 1220 red1d1endam,
454 1190 482 1212 et
493 1187 602 1213 audivit
613 1195 628 1213 a
643 1195 744 1213 socero
757 1196 810 1214 suo
822 1191 849 1214 et
860 1187 925 1214 aliis
935 1187 1109 1221 quibusdam

135 1235 211 1269 quod
228 1243 311 1261 nemo
328 1235 414 1261 audet
429 1235 553 1261 vendere
567 1236 673 1270 aliquid
694 1236 728 1262 de
749 1236 844 1262 feudis
860 1236 938 1269 suis,
958 1239 986 1263 et
1001 1236 1110 1263 addidit

135 1287 163 1309 et
179 1284 251 1309 dixit
265 1283 341 1318 quod
359 1283 407 1309 filii
424 1283 586 1310 Anselmuli
604 1287 632 1309 et
648 1283 698 1310 filii
715 1284 898 1318 Bonegrassc
919 1288 945 1311 et
967 1284 1110 1312 Martinus

136 1331 243 1357 habent
260 1331 294 1357 de
311 1331 396 1357 feudo
413 1330 529 1358 Orlandi
546 1331 687 1365 Neronis,
703 1335 731 1358 et
746 1333 932 1367 episcopatus
945 1333 1030 1359 habet
1047 1342 1110 1359 me—

137 1379 272 1405 dietatem
289 1379 365 1406 feudi
382 1379 537 1406 Danscaldi
553 1384 582 1406 et
597 1381 729 1407 canonici
745 1381 779 1406 de
796 1381 890 1407 Suana
906 1381 1012 1408 habent
1026 1382 1109 1408 aliam

136 1427 329 1454 medietatem.

171 1476 293 1511 Recepti
307 1480 376 1503 sunt
391 1477 550 1512 supradicti
567 1481 657 1504 testes
671 1478 705 1504 de
720 1478 852 1504 mandato
866 1479 974 1505 domini
992 1479 1110 1506 Marsilii

136 1525 286 1551 castellani
304 1525 490 1552 Radicofanis
511 1534 562 1560 pro
582 1526 699 1552 domino
717 1526 848 1561 Phiiippo
867 1527 973 1553 Tuscie
993 1528 1066 1554 duce
1082 1531 1111 1554 et

138 1573 225 1599 fratre
240 1574 347 1600 domini
370 1574 489 1601 Heni-ici
514 1574 567 1601 Dei
590 1575 682 1609 gratia
702 1575 899 1602 Romanorum
917 1577 1109 1611 imperatoris,

136 1624 163 1647 et
190 1621 290 1648 eodem
316 1623 472 1648 castellano
500 1626 646 1657 presente,
673 1623 707 1649 de
732 1632 878 1650 consensu
907 1628 935 1651 et
964 1625 1110 1651 voluntate

135 1669 285 1696 hominum
302 1671 389 1696 castri
407 1670 530 1698 Priceni.
553 1671 588 1698 Et
604 1675 756 1706 postquam
775 1674 882 1707 recepti
898 1674 993 1705 fuere,
1010 1682 1110 1700 eorum

136 1718 212 1744 dicta
228 1717 256 1743 in
277 1719 385 1753 scripta
407 1719 534 1750 redacta,
558 1719 703 1754 predictos
725 1724 814 1747 testes
834 1729 884 1747 seu
912 1725 1032 1748 attestes
1056 1731 1110 1756 ego

133 1767 192 1801 jam
209 1766 305 1793 dictus
321 1766 415 1793 Guido
433 1768 562 1794 notarius
578 1768 612 1794 de
635 1769 768 1795 mandato
785 1770 904 1804 predicti
921 1771 1067 1796 castellani
1083 1774 1112 1797 et

137 1814 285 1841 voluntate
300 1815 450 1841 hominum
470 1815 602 1848 Priceni,
620 1816 788 1850 eisdemque
806 1818 991 1851 presentibus
1012 1819 1068 1852 legi
1083 1822 1112 1845 et

137 1862 282 1897 publicavi
295 1885 301 1894 ,
324 1867 352 1889 et
368 1871 467 1890 eorum
492 1863 568 1890 dicta
585 1865 755 1898 expressius
777 1866 920 1892 notificavi
943 1866 970 1892 in
989 1867 1111 1894 ecclesia

137 1911 232 1937 sancti
262 1911 370 1944 Angeli
393 1911 514 1945 predicti
542 1913 629 1939 castri
654 1921 750 1939 coram
781 1913 857 1939 Saxo
881 1914 915 1939 de
939 1914 1061 1941 Priceno
1083 1918 1112 1941 et

136 1958 285 1986 Gualterio
301 1960 367 1993 ejus
384 1960 481 1994 fratre,
498 1959 663 1994 Ofreducio,
681 1960 829 1987 Willelmo
846 1961 983 1995 Coi-occo,
1001 1963 1111 1989 Senese

135 2010 165 2033 et
186 2007 348 2041 presbitero
365 2008 560 2040 Aldibrando‚
582 2012 610 2035 et
631 2009 694 2035 aliis
718 2010 850 2043 pluribus
867 2011 990 2037 testibus
1006 2011 1039 2037 ad
1057 2012 1111 2038 hoc

136 2057 258 2083 vocatis.
274 2056 309 2082 Et
324 2056 445 2090 predicti
457 2060 546 2083 testes
558 2057 606 2092 qui
619 2057 764 2084 testificati
778 2061 847 2084 sunt
858 2063 1008 2092 presentes
1021 2061 1110 2086 inter-

134 2104 253 2131 fuerunt
277 2108 305 2131 et
329 2105 382 2132 hec
408 2106 503 2132 omnia
528 2106 733 2132 intellexerunt
755 2115 830 2133 anno
856 2107 972 2133 Domini
997 2117 1016 2135 M
1041 2116 1111 2135 cen-

136 2153 240 2180 tesimo
266 2155 456 2188 nonagesimo
476 2158 576 2186 sexto,
603 2155 760 2182 indictione
780 2164 827 2184 xv.
851 2164 948 2182 mense
974 2161 1109 2191 augusto,

136 2210 166 2229 111
189 2202 243 2229 kal.
261 2202 451 2237 septembris,
469 2204 652 2237 impera[n]te
675 2204 864 2230 serenissimo
885 2203 1011 2231 Heni-ico
1027 2209 1110 2232 sexto

136 2250 335 2277 Romanorum
358 2251 541 2285 imperatore.
568 2250 603 2278 Et
627 2260 680 2286 ego
702 2251 796 2278 Guido
821 2252 902 2279 Maizi
924 2253 996 2279 sacri
1015 2254 1109 2287 palatii

137 2299 268 2325 notarius
284 2303 316 2326 ut
336 2307 424 2334 supra
439 2300 546 2334 legitur
562 2299 709 2334 predictos
724 2304 815 2326 testes
831 2301 924 2335 recepi
942 2305 969 2327 et
985 2302 1108 2336 scripsi,

137 2351 165 2374 et
190 2347 224 2373 ad
248 2351 417 2382 perpetuam
441 2348 608 2374 memoriam
632 2348 666 2374 de
686 2349 819 2375 mandato
833 2350 892 2383 jam
914 2349 982 2375 dicti
1005 2351 1110 2376 castel-

136 2395 194 2422 lani
219 2399 248 2422 et
270 2396 420 2423 voluntate
446 2396 595 2423 hominum
623 2395 738 2423 Priceni
767 2397 796 2423 in
822 2397 964 2431 publicam
989 2397 1109 2424 formam

137 2443 245 2478 redegi.

104 2581 235 2617 [(30Χο1.
257 2597 295 2604 -
318 2582 371 2609 Hic
392 2590 440 2609 Es’r
460 2590 548 2609 'ri-:non
567 2591 642 2609 micis
662 2591 822 2610 uroximi-13
843 2592 923 2612 nvi-sn
943 2584 1110 2613 Lomunnos

136 2638 170 2656 m·
188 2629 367 2658 Fnssnssmcum
385 2630 564 2658 Romuonum
583 2638 775 2659 mrem-roam
792 2640 825 2658 m·
842 2640 934 2660 ritum
952 2641 1014 2660 Esus
1032 2633 1111 2662 Hm-

135 2681 249 2706 mcum.

172 2778 206 2805 In
222 2779 338 2805 nomine
353 2781 453 2806 sancte
468 2782 523 2806 etc.

140 2925 165 2952 1.
182 2924 252 2952 Paix
268 2925 303 2951 de
319 2924 498 2957 Constance,
514 2925 548 2952 25
561 2926 625 2960 Juin
645 2926 722 2953 1183.
740 2941 773 2945 —
789 2926 828 2953 Ce
844 2910 1000 2955 document
1015 2937 1031 2954 a
1046 2928 1111 2963 deja

101 2973 195 3008 figure
209 2973 370 3009 ci-dessus‚
387 2980 418 3000 n⁰
429 2973 546 3008 CCXII,
563 2983 592 3010 p.
604 2974 666 3002 463.
683 2975 724 3002 Ici
741 2976 760 3002 il
775 2979 820 3002 est
835 2975 870 3002 de
885 2976 911 3002 la
927 2977 1019 3003 meme
1035 2977 1111 3004 ecri-

1193 418 1336 452 (coxon.
1363 433 1394 437 —
1422 419 1633 446 lxsrnmn-:N'rcn
1657 429 1830 447 VENruTlONis
1855 430 1945 447 cAS'rni
1974 423 2047 449 Pczs
2073 431 2150 448 EMPT!
2177 433 2192 449 Α

1225 474 1326 492 nomm
1348 475 1450 492 rnarnr:
1468 466 1612 494 Tnoirxsio
1633 476 1725 494 nomm
1745 477 1811 494 vitri-3
1829 477 1980 496 cuir-:mmo
1999 479 2121 497 TEMPORE
2143 478 2193 497 no-

1222 522 1279 540 Mim
1301 514 1436 540 Gnssoonn
1458 523 1523 541 mire
1545 515 1658 541 V11H1.

1262 613 1292 639 In
1313 615 1429 639 nomine
1449 614 1555 640 domini
1579 616 1665 641 nostri
1686 616 1757 642 Jesu
1776 617 1897 647 Christi,
1921 626 2014 644 amen.
2041 618 2124 643 Anno
2144 626 2193 644 na-

1225 662 1345 687 tivitatis
1372 661 1502 694 ejusdem
1531 663 1680 689 millesimo
1704 664 1902 691 ducentesimo
1923 666 2068 691 irim-simo
2093 670 2190 697 sexto,

1227 709 1409 743 pontificatus
1434 709 1540 735 domini
1563 710 1693 743 Gregorii
1721 721 1791 746 pape
1816 714 1880 738 noni
1903 722 1976 739 anno
1995 722 2083 746 nono,
2102 714 2193 740 inflic-

1225 757 1303 782 tione
1321 765 1404 786 nona,
1424 765 1522 782 mense
1541 758 1682 784 februario
1701 759 1746 785 die
1767 761 1903 786 vicesimo
1925 763 2056 795 septimo.
2077 761 2106 787 In
2126 771 2192 796 pre-

1225 804 1316 830 sentia
1344 805 1548 830 venerabilium
1574 806 1756 833 dominorum
1781 808 1831 834 Dei
1856 809 1946 841 gratia
1970 809 1996 835 J.
2023 810 2192 836 savinensis

1225 853 1353 886 episcopi
1369 856 1396 878 et
1412 852 1555 879 Johannis
1576 854 1649 879 tituli
1673 859 1770 880 sancte
1795 855 1930 881 l’raxedis
1955 858 2102 890 prosbiteri
2124 867 2190 884 cai·-

1225 900 1329 926 dinalis
1352 904 1380 926 ct
1411 901 1642 934 subscriptorum
1674 903 1790 928 testium
1817 905 1848 928 :rl
1879 906 1930 929 lior·
1957 906 2118 938 specialiter
2146 915 2192 932 ro-

1226 953 1378 981 gatorum,
1405 956 1457 974 nec
1481 957 1535 973 non
1561 954 1587 974 et
1609 954 1772 976 nostrorum
1797 951 1935 985 sets-nami
1957 958 1981 977 ct
2011 953 2095 979 Laudi
2120 955 2193 980 scri-

1228 997 1400 1026 niariorum,
1434 996 1568 1022 dominus
1597 997 1690 1023 Guirlo
1718 998 1860 1025 Johannis
1889 1000 2030 1027 Guidonis
2060 1001 2093 1027 dc
2118 1001 2193 1036 Papa

1227 1045 1299 1071 civis
1326 1044 1476 1070 Romanus
1503 1053 1554 1070 sna
1585 1046 1657 1071 bona
1684 1047 1829 1073 voluntate
1857 1049 1981 1074 vendidit
2011 1054 2037 1075 et
2063 1059 2112 1083 per
2141 1049 2192 1075 do—

1228 1093 1337 1118 minum
1362 1092 1560 1118 Crescentium
1584 1094 1691 1119 domini
1716 1104 1786 1129 pape
1811 1096 2018 1122 subdiaconum
2044 1101 2071 1123 et
2097 1099 2192 1131 capel-

1227 1141 1323 1167 lanum
1351 1140 1524 1174 Sabinieque
1548 1145 1707 1175 rectorem,
1729 1151 1813 1175 quem
1837 1144 1869 1169 ad
1898 1144 2107 1171 investit-nilum
2129 1155 2192 1180 pro-

1227 1193 1388 1215 curatorem
1420 1188 1646 1215 irrevocabiliter
1676 1191 1843 1221 constituit,
1874 1191 2033 1218 investiens
2061 1194 2194 1224 tradidit,

1228 1236 1318 1267 dedit,
1342 1238 1431 1263 cessit
1453 1241 1479 1263 et
1502 1240 1646 1264 concessit
1669 1238 1784 1264 domino
1807 1239 1885 1265 fratri
1909 1240 2062 1266 Tlmmnsio
2088 1242 2195 1268 domini

1228 1294 1302 1320 pape
1327 1286 1484 1312 camerario
1510 1287 1571 1312 vice
1597 1291 1624 1312 et
1649 1288 1762 1312 nomine
1788 1287 1893 1313 domini
1923 1297 1993 1322 pape
2018 1293 2045 1314 et
2074 1290 2196 1315 ecclesie

1228 1334 1359 1360 Romane
1376 1334 1526 1368 recipienti
1543 1335 1570 1360 in
1589 1338 1769 1368 perpetuum,
1784 1335 1861 1361 nullo
1873 1335 2002 1370 sibijui·e
2019 1340 2046 1362 et
2058 1336 2196 1369 jurisdic-

1228 1382 1306 1408 tione
1329 1382 1356 1407 in
1381 1382 1556 1415 subscriptis
1579 1382 1695 1416 penitus
1718 1384 1886 1414 reservatis,
1914 1383 2046 1409 videlicet
2069 1389 2194 1410 castrum

1229 1430 1306 1456 Puze
1323 1431 1447 1464 positum
1466 1432 1491 1456 in
1515 1431 1659 1456 territorio
1685 1430 1800 1457 Sabinie
1819 1431 1853 1456 ad
1876 1439 1969 1457 veram
1993 1434 2195 1465 proprietatem

1228 1483 1453 1513 perpetuamque
1464 1480 1648 1505 hereditatem
1663 1487 1728 1505 eum
1740 1480 2126 1514 omnijure,jurisdictione‚
2138 1481 2197 1507 dis-

1228 1528 1325 1560 trictu,
1343 1527 1470 1553 dominio
1494 1532 1521 1553 et
1542 1528 1661 1559 honore,
1679 1536 1743 1553 cum
1762 1528 1929 1554 hominibus
1944 1533 1971 1554 et
1988 1537 2085 1555 eorum
2102 1531 2196 1555 servi—

1228 1576 1285 1608 tiis,
1302 1584 1366 1601 cum
1384 1576 1518 1602 domibus
1539 1580 1565 1601 et
1584 1576 1729 1606 casalinis,
1753 1577 1909 1608 montibus,
1926 1577 2057 1606 collibus,
2076 1578 2195 1604 vallibus

1228 1628 1255 1650 et
1271 1624 1406 1658 planitiis,
1429 1624 1522 1656 terris,
1540 1624 1620 1653 ortis,
1643 1625 1735 1649 vineis
1757 1628 1783 1650 et
1804 1625 1984 1657 cannapinis,
2001 1626 2196 1659 emptionibus

1228 1671 1258 1698 et'
1271 1680 1445 1706 quoeunque
1461 1672 1545 1697 modo
1562 1672 1728 1705 acquisitis,
1745 1672 1835 1703 silvis,
1855 1673 1986 1706 pascuis.
2003 1674 2095 1707 aquis.
2114 1674 2193 1703 rivis.

1229 1721 1327 1754 pratis,
1345 1720 1485 1746 limitibus
1502 1725 1529 1745 et
1547 1720 1786 1754 possessionibus
1802 1722 1938 1746 omnibus
1949 1721 2033 1747 cultis
2046 1722 2087 1747 vel
2102 1722 2195 1748 incul-

1227 1769 1274 1800 tiS,
1293 1777 1358 1795 cum
1376 1769 1511 1794 omnibus
1527 1769 1693 1795 introitibus
1717 1773 1744 1794 et
1768 1769 1895 1795 exitibus
1911 1770 1988 1799 suis,
2006 1774 2033 1795 et
2049 1777 2114 1795 cum
2132 1778 2196 1795 om-

1228 1818 1314 1843 nibus
1331 1817 1522 1850 pertinentiis,
1541 1817 1722 1847 utilitatibus,
1738 1817 1840 1843 usibus
1857 1821 1883 1842 et
1898 1818 2077 1851 adjacentiis.
2091 1822 2195 1844 etcum

1227 1865 1362 1892 omnibus
1379 1873 1434 1898 quc
1451 1865 1536 1890 habet
1552 1866 1578 1890 in
1597 1869 1654 1890 tota
1671 1865 1788 1890 Sabinia
1802 1869 1830 1890 et
1846 1866 1910 1899 ejus
1923 1866 2073 1896 territorio,
2091 1874 2196 1900 excep-

1228 1914 1264 1939 tis
1287 1913 1343 1939 hiis
1358 1921 1414 1946 que
1431 1912 1515 1938 babet
1532 1914 1559 1938 in
1577 1917 1671 1939 castro
1688 1913 1844 1943 Muczani2‚
1863 1917 1891 1938 et
1904 1914 1969 1946 jure
1986 1914 2060 1947 quod
2083 1914 2196 1940 dicebat

1227 1970 1259 1988 se
1290 1961 1394 1987 habere
1427 1961 1454 1986 in
1485 1961 1647 1987 molendino
1680 1961 1755 1994 quod
1790 1961 1841 1987 fuit
1873 1961 1900 1987 in
1931 1962 2011 1987 aix-eo
2044 1962 2196 1995 cujusdam

1227 2018 1300 2044 aque
1330 2017 1386 2044 que
1416 2014 1535 2035 vocatur
1564 2009 1648 2040 Laia;
1680 2009 1735 2035 hoc
1769 2013 1862 2035 tamen
1894 2010 2054 2043 expressim
2085 2009 2196 2043 adjecto

1227 2058 1303 2092 quod
1324 2058 1348 2084 si
1372 2058 1439 2083 illud
1464 2058 1548 2083 fuerit
1569 2057 1603 2083 de
1624 2061 1718 2084 castro
1745 2057 1836 2083 Pucze
1854 2058 1895 2083 vel
1912 2059 1976 2091 ejus
1992 2058 2135 2084 territorio
2152 2059 2196 2084 vel

1227 2107 1377 2140 districtu,
1397 2110 1446 2133 aut
1461 2106 1631 2140 adjacentiis
1648 2107 1691 2132 vel
1715 2106 1913 2140 pertinentiis,
1931 2107 2126 2141 emptionibus
2144 2115 2196 2133 seu

1227 2155 1379 2189 acquisitis
1398 2155 1482 2182 factis
1503 2164 1518 2181 a
1542 2155 1669 2190 predicto
1691 2155 1807 2180 domino
1828 2154 1978 2186 Guidone,
2000 2158 2090 2180 totum
2113 2154 2195 2180 cedat

1227 2202 1358 2229 Romane
1374 2203 1496 2229 ecclesie
1513 2210 1577 2228 cum
1595 2202 1648 2228 hac
1666 2202 1827 2236 emptione,
1847 2203 1923 2228 nullo
1940 2202 1993 2227 sibi
2007 2203 2071 2236 jure
2087 2202 2114 2228 in
2132 2210 2197 2236 pre-

1228 2250 1313 2277 dictis
1337 2250 1454 2276 casibus
1475 2254 1636 2281 reservato;
1657 2250 1701 2276 sin
1724 2253 1830 2279 autem,
1848 2250 1904 2283 ipsi
1920 2249 2036 2275 domino
2059 2249 2195 2279 Guidoni,

1227 2300 1304 2325 sicut
1321 2299 1428 2325 dictum
1445 2302 1499 2331 est,
1518 2302 1690 2324 reservetur.
1710 2297 1790 2324 Hanc
1805 2301 1899 2323 autem
1918 2297 2121 2331 venditionem,
2136 2306 2198 2324 ces—

1192 2448 1256 2472 ture
1271 2453 1327 2479 que
1351 2445 1376 2470 13
1396 2445 1477 2479 piece
1498 2445 1631 2470 suivante
1642 2465 1648 2476 ‚
1665 2436 1699 2470 en
1718 2444 1810 2469 meme
1832 2447 1926 2477 temps
1941 2451 1998 2478 que
2013 2444 2132 2478 laquelle
2147 2444 2165 2470 il
2181 2452 2196 2470 a

1192 2495 1237 2520 ete
1254 2492 1399 2520 transcrit.

1229 2544 1255 2568 1.
1272 2541 1400 2572 Viterbe,
1421 2542 1452 2567 17
1472 2541 1576 2566 sevrier
1594 2540 1671 2567 1236.
1693 2555 1726 2559 —
1747 2539 1899 2571 Muratori,
1917 2541 1994 2573 Ant.,
2011 2543 2032 2568 t.
2047 2540 2071 2574 Ι,
2087 2549 2115 2575 p.
2132 2541 2195 2569 697.

1191 2604 1227 2611 —
1241 2589 1336 2617 Guido
1354 2589 1388 2615 de
1405 2588 1492 2623 Papa,
1515 2590 1683 2622 represente
1699 2596 1749 2622 par
1765 2588 1790 2613 le
1808 2590 1923 2614 recteur
1937 2587 1972 2613 de
1988 2588 2093 2614 Sabine
2110 2588 2196 2615 Cres-

1192 2639 1317 2671 centius,
1335 2637 1408 2663 vend
1430 2645 1466 2663 au
1488 2636 1684 2670 Saint-Siege‚
1702 2637 1869 2670 represente
1893 2644 1942 2670 par
1963 2636 2036 2662 frere
2058 2636 2194 2669 Thomas,

1192 2686 1332 2714 camel-ier
1348 2685 1383 2712 de
1399 2685 1538 2719 Gregoire
1554 2684 1609 2717 IX,
1626 2684 1651 2710 le
1666 2685 1786 2710 chateau
1798 2684 1832 2710 de
1846 2683 1923 2710 Puza
1938 2692 1973 2710 en
1990 2684 2105 2718 Sabine,
2123 2693 2196 2719 pour

1193 2743 1249 2762 une
1265 2741 1376 2761 somme
1389 2733 1424 2759 de
1442 2732 1521 2766 1‚‘.‘00
1538 2733 1637 2758 livres.

1227 2783 1253 2809 2.
1272 2782 1310 2808 Ge
1326 2782 1456 2812 chateau‚
1474 2780 1523 2814 qui
1538 2779 1633 2806 devait
1647 2780 1707 2805 etre
1722 2780 1815 2805 voisin
1835 2779 1870 2805 de
1890 2779 1964 2806 celui
1987 2779 2022 2805 de
2048 2779 2136 2810 Puza,
2164 2788 2196 2807 se

1193 2831 1317 2858 trouvait
1337 2829 1418 2856 aussi
1441 2830 1457 2854 a
1482 2828 1635 2862 proximite
1661 2827 1696 2853 de
1716 2826 1927 2860 Colleveccliio,
1951 2828 2063 2853 localite
2084 2828 2118 2854 de
2142 2836 2195 2855 son

1193 2878 1345 2906 territoire.
1362 2877 1404 2903 En
1423 2876 1501 2909 1253,
1519 2876 1544 2901 le
1559 2883 1631 2910 pape
1647 2875 1788 2901 Innocent
1803 2874 1844 2900 IV
1860 2875 1946 2909 (Reg.
1963 2876 2046 2908 71:³5;
2066 2876 2102 2902 cf.
2119 2877 2197 2911 Spe-

1192 2927 1308 2956 randio.
1326 2926 1440 2956 Sabina,
1458 2933 1486 2958 p.
1503 2923 1565 2955 348)
1582 2923 1709 2949 autorisa
1726 2923 1767 2949 les
1783 2930 1855 2957 gens
1871 2922 1905 2949 de
1922 2923 2043 2949 Muzano
2059 2925 2073 2949 a
2089 2924 2197 2957 quitter

1193 2979 1267 3003 cette
1284 2974 1395 3001 localite
1411 2971 1610 3007 pestilentielte
1625 2979 1698 3006 pour
1712 2979 1744 2997 se
1762 2974 1940 3006 transporter
1955 2973 1970 2997 3
1985 2970 2194 2998 Colievecchio.
