2392 3571
155 340 213 370 554
696 329 744 357 LE
768 327 911 357 LIBER
934 324 1167 357 CENSUUM
1189 324 1243 353 DE
1267 314 1451 353 L'EGLISE
1473 322 1683 352 ROMAINE.

194 405 216 431 E
232 410 369 430 converso
389 399 536 436 predictus
556 397 689 423 dominus
713 399 803 421 rector
820 394 880 420 vice
904 398 931 420 et
955 394 1068 420 nomine
1089 392 1150 418 Ro-

195 460 276 478 mane
293 449 413 476 ecclesie
433 446 567 473 convenit
582 449 609 471 et
626 443 755 479 promisit
771 443 923 478 predictam
945 443 1131 469 munitionem
1143 463 1149 474 ,

195 499 352 526 fortilitium
374 500 401 522 et
425 499 549 522 castrum
577 493 609 519 ad
633 500 750 522 manus,
774 492 934 518 demanium
960 495 988 517 et
1009 499 1150 517 cameram

193 548 322 574 Romane
346 544 467 571 ecclesie
497 550 610 576 semper
635 542 757 567 retinere
783 545 810 566 et
838 540 982 566 custodire
1011 548 1060 574 pro
1090 540 1151 573 ipsa

194 595 330 624 ecclesia,
351 598 377 619 et
401 593 493 618 facere
515 590 652 617 custodiri
668 589 701 615 ad
719 590 866 616 utilitatem
890 593 918 615 et
939 589 1074 615 honorem
1091 588 1151 614 Ro-

195 653 276 671 mane
293 642 428 673 ecclesie,
444 645 471 667 et
487 649 536 675 pro
552 639 768 666 conservatione
784 642 812 664 et
827 639 980 665 securitate
1001 642 1030 664 et
1052 638 1151 664 desen-

195 695 275 721 sione
301 696 328 718 et
354 691 471 717 utilitate
498 696 682 723 personarum
709 691 737 713 et
760 695 854 713 rerum
880 687 945 713 olim
971 687 1150 713 dominorum

193 747 220 769 et
249 741 393 767 bominum
421 739 547 764 omnium
579 737 646 763 dicti
676 737 729 763 loci
759 740 787 762 et
814 744 911 762 eorum
939 735 1086 761 heredum.
1117 735 1151 761 Et

193 792 283 826 ipsam
303 789 487 815 munitionem
512 791 539 813 et
559 790 684 812 castrum
706 794 759 811 non
781 785 959 818 submittere,
983 785 1059 818 dare,
1084 784 1151 810 alie-

195 847 261 866 nare
286 838 328 863 vel
352 836 510 863 concedere
536 835 620 861 alicui
649 834 727 860 alteri
754 842 875 868 persone
903 834 945 859 vel
973 833 1150 859 universitati

193 892 241 914 aut
262 887 338 916 loco,
362 885 411 911 sed
435 892 548 919 semper
570 883 603 909 ad
620 890 721 909 manus
738 882 865 908 Romane
881 882 1002 907 ecclesie
1019 880 1148 912 retinere,

191 943 362 964 conservare
379 939 406 961 et
421 933 583 966 custodire,
601 936 632 958 ut
647 932 753 958 dictum
770 934 828 962 est;
846 930 1028 957 concedendo
1044 930 1151 956 eisdem

194 984 358 1012 hominibus
381 982 456 1016 quod
479 982 513 1007 de
533 985 629 1008 cetero
653 981 763 1015 possint
782 979 1022 1006 eommunantiam
1044 978 1151 1005 consti—

194 1039 274 1061 tuere
290 1036 318 1059 et
334 1032 518 1058 constitutam
535 1030 608 1056 inter
625 1038 675 1055 eos
692 1029 813 1055 retinere
829 1032 856 1054 et
872 1027 945 1062 quod
963 1027 996 1053 de
1012 1031 1106 1053 cetero
1123 1027 1150 1052 in

192 1080 430 1115 communa[n]tia
445 1080 501 1106 sint
516 1083 543 1104 et
559 1081 750 1113 perseverent,
768 1082 795 1102 et
812 1076 932 1102 habeant
943 1077 991 1110 jus
1007 1080 1034 1102 et
1049 1084 1153 1110 appro-

195 1132 275 1158 batas
290 1128 515 1156 consuetudines
535 1135 607 1161 quas
627 1127 731 1152 habent
746 1126 935 1152 communiter
953 1125 1005 1151 alie
1021 1133 1152 1151 commu-

196 1181 295 1207 nancie
311 1187 366 1213 que
382 1179 491 1204 suntin
509 1175 689 1202 Anconitana
705 1174 840 1201 Marchia.

231 1230 336 1256 Actum
361 1227 387 1253 in
415 1225 535 1253 ecclesia
560 1225 651 1251 sancti
674 1223 815 1250 Johannis
844 1222 911 1248 dicti
941 1222 995 1248 loci
1021 1221 1153 1249 Firmane

193 1278 329 1305 diocesis.

231 1328 291 1361 Ego
306 1326 453 1352 Johannes
467 1324 501 1350 de
514 1323 620 1354 Brixia,
637 1322 710 1348 sacri
727 1321 820 1355 palatii
838 1321 976 1352 notarius,
994 1320 1048 1346 hiis
1064 1321 1153 1346 omni-

193 1378 248 1403 bus
265 1376 379 1402 interfui
395 1379 423 1400 et
439 1377 555 1407 rogatus
571 1371 673 1405 scripsi
694 1374 721 1396 et
743 1369 893 1404 publicavi.
917 1368 952 1395 Et
971 1377 1024 1402 ego
1041 1367 1154 1394 Bernus

194 1426 383 1456 Vicentinus,
401 1422 536 1457 imperiali
557 1420 724 1447 auctoritate
742 1419 884 1451 notarius,
903 1417 1038 1443 omnibus
1053 1425 1154 1451 supra-

193 1475 278 1501 dictis
294 1473 418 1504 interfui,
430 1476 457 1498 et
474 1471 500 1497 in
518 1469 714 1496 testimonium
732 1468 820 1501 hujus
836 1466 874 1492 rei
892 1470 1009 1499 rogatus
1025 1474 1067 1491 me
1085 1465 1154 1491 sub—

193 1523 297 1557 scripsi
313 1526 341 1548 et
357 1522 428 1547 hanc
444 1520 615 1554 scripturam
633 1517 785 1552 publicavi.

160 1677 258 1712 [CCCl.
279 1691 312 1697 —
334 1675 375 1701 Da
395 1682 484 1701 aonam
505 1680 604 1699 casrno
617 1675 634 1698 ¹.

229 1777 260 1804 In
284 1776 337 1803 Dei
359 1775 487 1804 nomine,
511 1781 603 1799 amen.
626 1771 711 1797 Anno
734 1770 849 1797 Domini
871 1770 1020 1796 millesimo
1044 1769 1155 1796 ducen-

195 1828 297 1853 tesimo
323 1823 560 1859 quinquagesimo
587 1821 728 1851 secundo,
756 1819 785 1846 X
812 1820 982 1850 indictione,
1009 1819 1055 1845 die
1080 1827 1155 1844 mer-

194 1876 266 1902 curii
282 1874 325 1901 III
339 1875 460 1899 intrante
471 1872 552 1905 julio,
565 1870 639 1905 apud
657 1869 781 1895 Montcm
798 1870 894 1895 Penne
911 1868 1000 1894 sancti
1015 1867 1156 1894 Johannis

196 1924 326 1950 Firmano
344 1921 479 1951 diocesis,
498 1921 523 1946 in
541 1919 630 1953 platea
648 1922 728 1944 antea
742 1918 892 1943 ecclesiam
909 1917 1000 1943 sancti
1015 1916 1156 1942 Jobannis

195 1973 263 1998 dicti
281 1971 348 2001 loci,
367 1974 494 2003 tempore
512 1967 616 1993 domini
634 1966 794 1993 Innocentii
817 1973 887 2000 pape
911 1965 1019 1999 quarti,
1043 1973 1156 1998 presen-

196 2021 274 2046 tibus
290 2020 404 2045 ‹lomino
420 2017 545 2050 Roget-io
561 2016 662 2050 Suppi,
678 2015 767 2048 Nigro
785 2014 882 2048 Suppo
898 2014 1012 2040 domino
1028 2013 1155 2047 Georgii.

196 2069 330 2095 omnibus
346 2068 379 2093 de
395 2066 499 2095 Firmo,
517 2065 624 2091 Pinello
642 2064 811 2097 Bonalbergi
832 2063 866 2088 de
888 2062 1011 2088 Sarzana
1027 2065 1055 2088 et
1073 2061 1156 2088 Petro

197 2118 310 2145 domine
327 2117 427 2143 Latitie
441 2116 474 2141 de
490 2114 648 2143 Camerino,
666 2112 767 2138 Pei-ino
783 2112 817 2138 ‹le
834 2111 1003 2141 Mediolano,
1022 2111 1156 2137 Alcarino

198 2168 231 2193 de
248 2166 403 2195 Belvelino,
418 2163 569 2190 Francisco
584 2162 718 2188 Bet-nardi
732 2161 842 2187 Sellarii
853 2160 887 2185 de
899 2160 995 2186 Monte
1007 2160 1156 2192 Granni-io,

198 2216 349 2242 Valentino
360 2213 479 2243 notario,
493 2211 576 2237 Petro
587 2210 702 2236 Berardi
713 2209 821 2235 notario
831 2212 858 2234 et
869 2208 996 2234 Ventura
1013 2208 1093 2234 Obici
1107 2216 1157 2234 no-

199 2265 268 2292 tario
276 2265 310 2290 de
319 2264 412 2289 Monte
424 2262 519 2287 Penne
529 2261 619 2287 sancti
629 2259 778 2288 Johannis‚
788 2263 815 2284 et
823 2258 885 2284 aliis
896 2258 1026 2292 pluribus
1036 2258 1158 2284 testibus

198 2313 231 2340 ad
245 2314 299 2339 hoc
312 2311 420 2338 vocatis
431 2314 458 2336 et
470 2310 585 2343 rogatis,
601 2308 704 2334 ibidem
717 2307 847 2333 homines
863 2310 890 2332 et
903 2306 1054 2341 populares
1071 2308 1157 2332 castri

200 2362 296 2388 Penne
311 2360 402 2386 sancti
416 2359 556 2385 Johannis
572 2357 762 2383 communiter
776 2359 804 2381 et
820 2356 964 2389 sigillatim
983 2364 1059 2382 more
1075 2356 1159 2381 solito

200 2410 367 2444 congregati
383 2409 586 2443 praestiterunt
606 2406 789 2441 corporaliter
807 2406 1000 2440 juramentum
1017 2405 1160 2432 fidelitatis

199 2463 297 2486 sancte
314 2458 442 2484 Romane
458 2456 579 2482 ecclesie
595 2459 623 2481 et
638 2454 744 2481 domini
761 2453 919 2479 innocentii
936 2462 1008 2488 pape
1023 2454 1116 2488 quarti
1133 2457 1160 2480 et

199 2516 318 2533 suorum
345 2513 547 2532 successorum
575 2504 710 2530 canonice
735 2503 902 2529 intrantium
927 2506 955 2528 et
979 2502 1013 2528 de
1036 2502 1162 2537 parendo

200 2555 339 2582 mandatis
353 2554 487 2581 omnibus
503 2553 555 2578 viri
572 2551 742 2578 venerabilis
759 2551 866 2577 domini
878 2550 1002 2576 Waltcri
1017 2550 1161 2577 Lunensis

200 2604 391 2631 archidiaconi
410 2602 515 2628 domini
532 2609 602 2636 pape
619 2601 766 2635 capellani,
785 2600 903 2626 rectoris
921 2599 1046 2625 Marchie
1063 2600 1160 2626 Anco-

201 2654 310 2683 nitane,
327 2656 355 2678 et
370 2659 489 2677 suorum
504 2650 667 2676 nuntiorum
684 2653 710 2675 et
725 2648 901 2680 officialium,
918 2651 946 2674 et
962 2652 1036 2674 stare
1052 2652 1080 2674 et.
1095 2656 1160 2675 esse

204 2834 229 2860 1.
246 2833 342 2858 Penna
357 2832 387 2858 S.
405 2832 560 2864 Giovanni,
578 2831 592 2858 3
605 2831 698 2865 juillet
715 2830 791 2857 1252.
811 2844 846 2851 -—
865 2829 920 2856 Les
940 2838 1012 2864 gens
1033 2829 1067 2856 de
1086 2833 1160 2856 cette

168 2882 278 2908 localite
295 2881 406 2915 pretent
420 2883 547 2906 serment
562 2879 597 2905 de
612 2879 717 2906 fidelite
732 2887 766 2905 au
784 2878 970 2913 Saint-Siege
990 2882 1018 2904 et
1037 2878 1160 2905 d‘obeis-

168 2937 254 2955 sance
275 2937 309 2954 au
330 2932 440 2955 recteur
459 2928 492 2954 de
514 2929 538 2954 la
557 2928 673 2954 Marche
693 2927 853 2954 d’AncOne.
874 2942 906 2946 ——
927 2927 1018 2954 Meme
1039 2928 1161 2953 eci-iture

169 2985 224 3012 que
239 2977 265 3003 la
280 2977 376 3003 charte
391 2976 570 3011 precedente.

1269 398 1384 424 semper
1396 389 1422 415 in
1435 389 1597 420 devotione,
1610 388 1664 414 fide
1677 391 1705 414 et
1719 388 1835 414 servitio
1850 388 1971 414 ecclesie
1983 387 2112 413 Romane
2122 394 2155 413 ac
2165 388 2189 421 ej
2196 394 2231 413 us

1269 439 1446 465 nuntiorum.
1463 438 1524 471 Ego
1538 437 1687 463 ,Iohannes
1703 437 1737 462 de
1755 436 1867 468 Brixia,
1885 437 1958 462 sacri
1975 436 2070 470 palatii
2090 435 2228 467 notarius,

1268 487 1323 513 hiis
1339 487 1472 513 omnibus
1488 486 1601 512 interfui
1618 491 1645 512 et
1663 490 1780 519 rogatus
1796 485 1900 520 scripsi
1915 488 1943 511 et
1960 484 2111 519 publicavi.

1236 638 1348 672 [CCCIJ.
1369 654 1402 658 —
1422 638 1464 664 Da
1485 646 1574 665 EODEM
1595 641 1726 665 casrnol.

1304 740 1334 766 In
1347 740 1399 766 Dei
1413 741 1637 773 nomine‚amen.
1648 740 1731 766 Anno
1741 739 1855 766 Domini
1867 740 2018 766 millesimo
2030 739 2230 766 ducentesimo

1268 789 1506 823 quinquagesimo
1523 788 1660 820 secundo,
1676 788 1701 813 X
1715 788 1881 820 indictione,
1898 788 1943 814 die
1960 789 2026 814 lune
2037 787 2095 814 XII
2107 789 2232 814 intrante

1268 841 1401 869 augusto,
1419 837 1492 871 apud
1508 837 1632 863 Montem
1652 836 1747 863 Penne
1764 837 1854 863 sancti
1868 836 2009 862 Johannis
2026 836 2156 863 Firmane
2172 836 2232 863 dio-

1268 887 1352 916 cesis,
1367 890 1431 912 ante
1443 886 1558 912 domum
1572 885 1678 911 Mathei
1694 885 1807 911 Alberti
1823 885 1892 911 dicti
1906 885 1969 916 loci,
1984 889 2112 919 tempore
2123 885 2232 912 domini

1269 934 1428 960 Innocentii
1443 944 1513 969 pape
1525 934 1627 968 quarti,
1642 933 1825 969 presentibus
1842 933 1957 959 domino
1968 935 2053 960 Petro
2065 933 2233 960 Bai-oncello

1268 983 1303 1009 de
1324 983 1493 1015 Catellione,
1515 983 1629 1009 domino
1653 983 1779 1017 Rogerio
1803 986 1832 1009 et
1854 982 1968 1008 domino
1993 982 2118 1015 Georgio
2141 982 2233 1018 Suppi

1269 1031 1303 1058 de
1322 1031 1432 1062 Firmo,
1450 1032 1564 1057 domino
1588 1031 1719 1057 Monaldo
1740 1031 1774 1056 de
1795 1030 1891 1057 Monte
1910 1030 2072 1065 Raynaldo,
2095 1030 2233 1064 magistro

1268 1080 1457 1106 Transimudo
1482 1080 1589 1106 notario
1613 1080 1647 1105 de
1672 1079 1768 1106 Monte
1790 1079 1891 1114 Elpero
1914 1083 1941 1105 et
1967 1079 2104 1113 magistro
2125 1078 2234 1105 Jacobo

1271 1129 1379 1155 notario
1405 1129 1440 1155 de
1466 1129 1560 1155 Monte
1587 1129 1682 1154 Penne
1703 1129 1793 1154 sancti
1815 1127 1956 1154 Johannis
1974 1131 2002 1154 et
2020 1127 2083 1154 aliis
2104 1127 2235 1162 pluribus

1269 1179 1393 1204 testibus
1407 1178 1440 1204 ad
1453 1179 1506 1204 hoc
1518 1178 1627 1204 vocatis
1638 1181 1665 1203 et
1680 1177 1798 1211 rogatis,
1815 1177 1919 1203 ibidem
1931 1176 2065 1202 dominus
2076 1176 2235 1202 Guibertus

1269 1231 1298 1253 et
1327 1228 1391 1261 ejus
1420 1226 1495 1253 filius
1521 1226 1713 1259 Joannucius,
1731 1225 1865 1251 dominus
1891 1225 2057 1259 Raynaldus
2082 1224 2234 1256 Soborelli,

1271 1275 1396 1301 Thomas
1414 1274 1602 1309 Maynardini,
1619 1274 1757 1300 Albertus
1772 1274 1921 1306 Soborelli,
1938 1273 2109 1299 Guillelmus
2124 1272 2234 1299 domini

1271 1323 1428 1354 Johannis,
1449 1323 1630 1349 Joannueius
1649 1323 1755 1349 domini
1776 1322 1934 1354 Johaiinis,
1953 1321 2108 1355 Baliganus
2127 1321 2235 1347 domini

1269 1371 1388 1404 Jacoffl,
1412 1371 1627 1406 Raynalducius
1649 1371 1755 1397 domini
1776 1370 1890 1396 Tebaldi
1904 1391 1910 1400 ,
1931 1370 2065 1396 dominus
2081 1369 2236 1396 Abu-achus

1270 1419 1377 1446 domini
1395 1419 1509 1453 Ugolini
1527 1423 1555 1445 et
1570 1419 1786 1449 Momnlducius,
1802 1418 1849 1452 qui
1867 1418 2066 1444 Monalducius
2083 1418 2236 1444 confessus

1271 1469 1323 1495 fuit
1347 1469 1386 1494 ibi
1407 1477 1438 1494 se
1455 1470 1572 1503 jurasse
1595 1468 1669 1503 apud
1689 1468 1870 1494 Tolentinum
1892 1468 1920 1493 in
1942 1467 2082 1501 colloquio
2099 1467 2235 1501 generali,

1272 1517 1339 1543 olim
1356 1517 1460 1543 domini
1479 1517 1575 1542 Penne
1592 1517 1684 1543 sancti
1698 1516 1850 1548 Johannis,
1865 1517 2036 1550 juraverunt
2052 1515 2237 1550 corporaliter

1272 1566 1306 1592 ad
1323 1570 1421 1592 sancta
1438 1565 1491 1591 Dei
1512 1565 1659 1600 evangelia
1676 1565 1838 1591 fidelitatem
1856 1568 1953 1591 sancte
1970 1564 2098 1590 Romane
2115 1563 2236 1590 ecclesie

1271 1619 1298 1641 et
1321 1615 1429 1641 domini
1452 1614 1612 1641 Innocentii
1634 1623 1704 1649 pape
1728 1614 1821 1648 quarti
1842 1617 1870 1640 et
1892 1621 2010 1639 suorum
2031 1620 2236 1640 successorum

1271 1663 1443 1690 canonicum
1466 1663 1631 1697 ingressum
1653 1663 1836 1693 habentium,
1855 1666 1882 1688 et
1898 1662 1932 1688 de
1949 1662 2072 1697 parendo
2096 1662 2238 1688 mandatis

1272 1712 1407 1738 omnibus
1430 1712 1483 1738 viri
1506 1712 1676 1738 venerabilis
1700 1712 1808 1738 domini
1830 1711 1955 1738 Walter-i
1976 1711 2119 1737 Lunensis
2139 1711 2235 1738 archi-

1273 1760 1402 1792 diaconi,
1425 1760 1533 1787 domini
1550 1769 1621 1796 pape
1637 1761 1775 1795 capellani
1791 1765 1819 1786 et
1834 1760 2014 1786 Anconitane
2031 1759 2156 1785 Marchie
2173 1767 2238 1786 rec-

1273 1810 1343 1836 toris
1355 1813 1423 1836 tunc
1434 1809 1472 1835 ibi
1488 1810 1609 1835 astantis
1625 1813 1653 1835 et
1668 1817 1786 1835 suorum
1805 1809 1968 1835 nuntiorum
1985 1812 2013 1834 et
2025 1808 2196 1839 officialium,
2209 1810 2238 1834 et

1273 1862 1348 1885 stare
1368 1862 1396 1884 et
1417 1866 1481 1884 esse
1503 1866 1616 1892 semper
1636 1857 1662 1883 in
1685 1857 1853 1891 devotione,
1871 1857 1924 1883 fide
1940 1860 1968 1883 et
1983 1857 2099 1883 servitio
2115 1857 2237 1883 ecclesie

1274 1907 1403 1933 Romane
1419 1915 1451 1933 ac
1468 1908 1532 1940 ejus
1549 1907 1724 1932 nuntiorum.
1746 1905 1807 1940 Ego
1822 1905 1969 1931 Johannes
1985 1905 2020 1931 de
2036 1905 2146 1939 Brixia,
2163 1904 2238 1932 sacri

1274 1957 1369 1990 palatii
1388 1956 1529 1987 notarius,
1547 1956 1603 1981 hiis
1625 1955 1760 1981 omnibus
1778 1955 1893 1986 interfui
1909 1959 1936 1981 et
1956 1958 2073 1988 rogatus
2089 1955 2193 1989 scripsi
2209 1957 2239 1980 et

1275 2005 1428 2040 publicavi.

1244 2159 1369 2193 {CCCIl].
1399 2174 1428 2178 —
1460 2158 1501 2184 Da
1526 2166 1704 2185 CONCESSIONE
1729 2167 1821 2185 casini
1845 2166 1878 2184 na
1904 2158 1982 2184 Ans».
2007 2166 2032 2183 m
2058 2165 2164 2184 FEUDUM
2189 2165 2238 2183 sua

1276 2217 1365 2235 ANNUO
1385 2217 1467 2234 owse
1479 2209 1499 2234 ².

1310 2310 1496 2336 Innocentius
1521 2310 1675 2344 episcopus
1696 2318 1797 2335 servus
1822 2317 1970 2335 servorum
1995 2307 2061 2338 Dci,
2085 2308 2239 2334 venerabili

1275 2360 1387 2386 fratri...
1404 2359 1540 2394 episcopo
1556 2358 1701 2384 Castrcusi
1719 2358 1838 2383 salutem
1854 2361 1881 2383 et
1902 2358 2086 2391 apostolicam
2104 2356 2238 2383 benedic-

1276 2407 1392 2434 tionem.
1409 2407 1441 2433 In
1459 2408 1572 2441 negotio
1590 2407 1654 2432 fidei
1671 2406 1746 2441 quod
1763 2406 1812 2432 tibi
1829 2410 1928 2431 contra
1944 2406 2135 2432 hereticorum
2152 2405 2239 2440 perfi-

1276 2456 1351 2482 diam
1368 2457 1395 2482 in
1414 2456 1587 2482 Patrimonio
1607 2455 1681 2481 beati
1699 2454 1774 2481 Petri
1792 2455 1819 2481 in
1836 2454 1940 2480 Tuscia
1956 2453 2092 2480 duximus
2107 2453 2240 2480 commit-

1279 2635 1303 2660 1.
1322 2633 1418 2660 Penna
1435 2633 1464 2659 S.
1482 2633 1632 2663 Giovanni,
1652 2632 1683 2659 12>
1699 2635 1766 2658 aout
1784 2632 1861 2658 1‘25‘2.
1878 2646 1913 2652 -
1928 2631 1984 2657 Les
1999 2631 2150 2665 seigneurs
2165 2631 2240 2657 dela

1243 2683 1353 2709 localite
1370 2683 1480 2718 pretent
1496 2685 1623 2708 serment
1638 2681 1672 2708 de
1688 2681 1794 2707 fidelite'
1810 2689 1844 2706 au
1862 2688 1934 2715 pape
1949 2684 1977 2706 et
1992 2679 2189 2705 d'obeissance
2204 2687 2240 2706 au

1243 2736 1366 2758 recteur.
1386 2745 1422 2751 —
1442 2731 1534 2757 Meme
1554 2731 1678 2757 eci-iture
1694 2738 1749 2764 que
1765 2729 1806 2756 les
1822 2729 1897 2755 deux
1913 2729 2026 2755 chartes
2043 2728 2239 2762 precedentes.

1277 2781 1303 2807 2.
1323 2780 1433 2815 Latrim,
1452 2781 1490 2806 1ΕΓ
1505 2779 1608 2806 sevrier
1626 2779 1703 2807 1254.
1721 2793 1753 2798 —
1770 2778 1923 2811 Muratori,
1938 2779 2014 2810 Ant„
2031 2781 2052 2804 t.
2069 2776 2110 2807 ΙΙ,
2128 2785 2153 2811 p.
2172 2776 2239 2808 787;

1244 2829 1385 2861 Potthast,
1402 2830 1461 2862 Καρ.
1480 2828 1581 2860 15ἳ18;
1599 2828 1751 2854 lnnocentii
1768 2827 1802 2853 IV
1815 2827 1874 2860 [ἴσῃ.
1892 2826 1971 2853 7757.
1992 2840 2026 2845 —
2045 2824 2185 2851 lnnocent
2199 2823 2241 2851 IV

1243 2878 1369 2904 concede
1391 2886 1425 2904 en
1446 2878 1495 2904 fies
1511 2878 1527 2904 a
1546 2877 1673 2911 l’cchue
1689 2876 1723 2902 de
1739 2875 1839 2901 Castro
1857 2878 1885 2901 et
1904 2876 1919 2900 a
1939 2882 1986 2900 ses
2007 2881 2194 2900 successeurs
2216 2873 2241 2899 le

1243 2926 1362 2953 chateau
1383 2926 1501 2959 d’Arsa,
1522 2928 1696 2960 moyennant
1712 2933 1749 2951 un
1767 2932 1836 2950 cens
1851 2923 1885 2949 de
1900 2922 1975 2949 deux
1991 2925 2168 2956 augustanx,
2186 2920 2242 2948 soit

1243 2974 1278 3002 ‘20
1293 2975 1379 3002 livres
1394 2975 1547 3001 romaines.
1568 2973 1610 3000 Cf.
1627 2973 1786 3004 ci-dessus,
1804 2981 1831 3007 p.
1849 2972 1880 2998 57
1897 2972 1921 3003 b,
1939 2974 2004 2997 note
2021 2971 2046 2998 5.
