2392 3571
626 355 676 384 LE
701 355 844 384 LIBER
868 353 1101 384 CENSUUM
1125 353 1180 382 DE
1204 348 1391 382 L'EGLISE
1415 352 1624 382 ROMAINE.
2116 352 2174 382 489

114 422 213 459 posita
228 426 254 450 et
269 421 406 450 redditus
426 422 626 450 vassallorum
642 426 815 449 nostrorum
828 430 900 457 quos
916 425 941 449 et
956 429 1011 457 que
1027 421 1086 448 hu-

108 475 165 512 J'us
183 474 382 502 alienationis
399 479 528 511 tempore
551 475 582 502 in
604 474 712 502 eastris
728 473 893 501 habuimus
911 472 1087 501 memoratis

115 528 152 556 ab
170 527 231 564 ipso
248 527 370 555 domino
384 536 463 564 papa
480 531 506 555 et
522 527 656 555 Romana
671 526 792 555 ecclesia
806 526 840 553 in
858 525 949 561 feuda
957 534 982 552 nt
996 524 1029 552 de
1041 533 1087 552 ce-

119 584 180 608 tero
198 584 369 612 teneamus,
393 583 418 606 et
438 578 546 607 excinde
569 578 665 614 ipsius
687 577 806 605 domini
824 586 900 614 pape
917 582 941 605 et
958 577 1087 604 Romane

117 632 236 660 ecclesie
253 631 379 660 vassalli
400 631 497 659 simus
514 635 657 667 perpetuo
677 634 703 657 et
724 629 840 665 fideles,
864 633 888 657 et
908 629 949 656 eis
965 632 1088 665 propter

119 685 173 713 hoc
188 684 359 721 specialiter
379 687 544 720 prestemus
567 682 744 718 homagium
768 681 936 718 personale.
956 681 1012 708 Pro
1028 688 1088 717 qua

118 737 293 766 venditione
308 744 359 763 seu
375 735 561 763 alienatione
579 739 603 762 et
623 733 787 762 traditione
799 733 940 769 confiteor
954 742 998 761 me
1008 741 1089 761 rece-

117 789 197 826 pisse
213 793 239 816 et
259 788 398 816 habuisse
414 795 432 815 a
450 787 572 815 domino
592 786 747 814 Benedicto
763 786 882 814 domini
897 795 972 822 pape
989 793 1089 813 came-

118 841 206 870 rario
224 840 348 868 nomine
366 840 462 876 ipsius
477 839 597 867 domini
616 847 690 875 pape
709 843 734 866 et
748 839 864 867 ecclesie
882 839 1012 866 Romane
1029 839 1088 866 sol-

118 898 205 922 vente
219 901 254 921 cc
269 897 294 921 et
308 901 346 920 xx
361 892 455 920 libras
468 896 493 920 et
506 896 613 929 septem
628 891 738 920 solidos
749 891 894 919 bonorum
910 892 1075 928 provenien

119 947 202 975 sium
216 950 348 979 senatus,
363 945 395 973 dc
409 945 519 981 quibus
531 945 708 973 menominc
721 953 784 972 mem
794 949 819 972 et
830 944 963 981 predicte
973 945 1091 981 pupille

118 999 218 1036 ‘neptis
236 1007 295 1026 mee
312 998 381 1026 bene
403 1005 473 1026 voco
493 998 644 1034 quietam,
669 997 836 1034 acceptioni
853 1005 911 1025 non
931 1001 1090 1025 numerate

117 1052 245 1089 pecunie
262 1050 493 1085 renuntiando;
510 1054 534 1078 et
550 1051 577 1078 si
590 1050 726 1087 predicta
741 1051 816 1078 bona
834 1051 903 1086 plus
917 1051 1028 1084 valent,
1047 1054 1090 1078 to—

122 1109 187 1134 tum.
211 1113 229 1132 a
251 1105 384 1141 presenti
407 1104 500 1132 eidem
524 1104 647 1132 domino
671 1112 745 1140 pape
769 1108 795 1131 ct
820 1104 950 1131 Romane
975 1104 1091 1131 ecclesie

120 1157 197 1186 dono
218 1162 307 1194 atque
327 1157 451 1185 concedo
467 1157 540 1192 jare
560 1156 735 1184 donationis
761 1157 791 1184 in
815 1161 1006 1193 anrpetuum.
1034 1156 1091 1184 Pro

122 1210 231 1247 quibus
250 1210 390 1237 omnibus
409 1209 543 1246 firmiter
567 1214 592 1237 et
613 1209 744 1245 fideliter
768 1209 962 1237 observandis
985 1209 1091 1237 omnia

124 1263 200 1291 bona
221 1271 287 1290 mea
308 1267 334 1290 et
352 1264 468 1299 prefate
489 1263 588 1298 neptis
607 1271 669 1289 mec
698 1261 791 1289 eidem
816 1262 939 1289 domino
958 1270 1035 1299 pape
1057 1270 1091 1289 ac

121 1315 341 1344 successoribus
357 1315 422 1343 suis
440 1315 551 1351 obligo,
571 1319 597 1343 et
613 1315 713 1343 eadem
731 1315 766 1343 ab
782 1315 858 1351 ipsis
878 1323 932 1342 nos
952 1315 1092 1351 precario

121 1368 338 1396 constituimus
348 1367 509 1404 possidere.
523 1368 738 1395 Renuntiando
756 1368 786 1395 in
804 1368 866 1395 liiis
879 1368 1021 1396 omnibus
1038 1376 1092 1395 no-

121 1421 207 1449 mine
222 1430 284 1449 meo
298 1420 467 1457 etprcdiclc
483 1421 598 1457 pupille
611 1421 695 1449 omni
706 1421 792 1457 juris
803 1421 934 1454 aurilio,
951 1421 1092 1449 canonici

124 1478 151 1502 et
177 1474 297 1502 civilis.
327 1473 543 1502 conszartudini
566 1478 592 1502 et
617 1478 746 1509 statuto,
777 1474 810 1501 in
836 1478 930 1501 totum
956 1478 981 1501 et
1007 1474 1092 1502 omni

123 1527 241 1555 actioni
258 1526 424 1562 exceptioni
446 1531 472 1554 et
490 1527 534 1554 rei
551 1535 606 1563 que
623 1527 739 1563 possint
758 1527 833 1554 obici
849 1531 955 1554 contra
974 1527 1092 1554 instru-

124 1583 262 1607 mentum
287 1579 333 1607 vel
356 1580 488 1614 factam„
514 1583 540 1607 et
559 1579 637 1615 quod
656 1587 718 1607 non
737 1579 871 1607 dicemus
895 1579 999 1615 aliquo
1018 1583 1092 1607 tem-

122 1640 196 1669 pore
217 1641 269 1660 nos
292 1632 374 1660 ultra
397 1631 564 1660 dimidium
581 1632 662 1668 justi
685 1633 778 1668 pretii
800 1633 831 1660 in
853 1632 990 1668 predicta
1021 1640 1092 1660 ven-

124 1685 239 1714 ditione
257 1685 352 1720 suisse
375 1685 519 1721 deceptos,
541 1689 567 1713 et
587 1685 759 1721 specialiter
775 1685 854 1721 quod
872 1685 951 1713 dicta
972 1685 1093 1721 pupilla

123 1738 244 1766 ratione
271 1738 400 1766 minoris
425 1738 514 1766 etatis
541 1739 742 1775 exceptionem
769 1739 906 1774 aliquam
940 1738 973 1766 de
1000 1743 1093 1766 celero

121 1800 186 1820 non
203 1796 336 1828 opponet.

163 1845 250 1873 Hanc
266 1849 366 1872 autem
387 1844 588 1872 venditionem
608 1844 804 1871 traditionem
823 1848 848 1871 et
864 1845 967 1872 omnia
982 1853 1094 1880 supra-

127 1897 209 1926 dicta
227 1906 283 1934 pro
304 1906 347 1925 me
368 1906 401 1925 ac
416 1897 551 1933 predicta
568 1897 690 1933 pupilla
707 1901 792 1933 nepte
813 1906 877 1925 mea
894 1901 920 1925 et
937 1897 1095 1926 heredibus

125 1954 152 1978 et
168 1950 388 1978 successoribus
405 1949 518 1977 nostris
532 1949 678 1985 promitto
692 1950 873 1985 juramento
896 1959 912 1977 a
934 1958 979 1977 mc
995 1958 1094 1987 eorpo—

124 2003 237 2031 ‘raliter
251 2002 376 2039 prestito
395 2006 536 2039 perpetuo
555 2002 775 2030 inviolabiliter
790 2002 946 2030 observare
965 2007 990 2030 et
1011 2003 1096 2031 nullo

127 2055 216 2084 modo
231 2056 274 2084 vel
287 2055 409 2091 inqenio
419 2055 647 2089 contravenire,
660 2055 710 2082 sed
720 2055 745 2083 si
759 2064 832 2091 opus
844 2059 869 2083 et
880 2064 990 2083 necesse
1001 2057 1095 2091 suerit

126 2108 261 2146 legitime
277 2108 434 2143 defendere
452 2108 487 2136 ab
502 2109 588 2136 omni
602 2116 742 2145 persona.
762 2108 845 2142 Quod
863 2109 888 2136 si
905 2118 923 2136 a
941 2117 984 2136 me
1002 2109 1046 2137 vel
1061 2109 1096 2137 ab

126 2161 227 2190 eadem
248 2165 332 2197 ¹nepte
352 2170 416 2189 mea
434 2161 571 2197 predicta
588 2161 692 2189 omnia
714 2169 774 2189 non
795 2161 913 2196 fuerint
930 2162 1094 2197 observata,

126 2214 173 2243 vel
189 2213 319 2250 quolibet
337 2213 422 2241 modo
442 2214 614 2241 venerimus
630 2217 733 2241 contra
748 2214 908 2250 premissa,
926 2214 1095 2250 predictam

125 2267 294 2304 pecuniam
320 2266 443 2294 nomine
464 2274 538 2303 pene
559 2266 684 2302 duplam
705 2266 799 2294 eidem
825 2266 947 2295 domino
971 2276 1048 2304 pape
1072 2272 1097 2296 et

127 2319 348 2348 successoribus
376 2319 441 2346 suis
463 2319 609 2355 promitto
636 2328 681 2347 me
708 2319 824 2355 inteyre
849 2320 1042 2355 soluturum,
1073 2325 1098 2349 et

125 2380 207 2409 pena
223 2372 320 2399 soluta
339 2371 431 2407 liujus
451 2371 637 2399 venditionis
659 2376 684 2399 et
706 2372 905 2400 alienationis
926 2377 1098 2401 contractus

127 2425 163 2453 in
177 2433 233 2452 sua
248 2424 473 2452 nichilominus
487 2428 666 2460 permaneat
682 2424 840 2460 firmitate.

166 2478 203 2505 Et
220 2486 269 2513 esso
286 2477 425 2505 Bertucia
445 2481 541 2504 mater
554 2477 687 2513 predicte
700 2477 816 2514 pupille
836 2478 910 2506 huic
928 2478 1100 2507 venditioni

127 2530 318 2559 consentiens
345 2533 508 2565 spontanea
535 2534 560 2557 ct
586 2529 680 2557 libera
706 2530 860 2558 voluntate
882 2531 1027 2567 promitto
1053 2541 1099 2560 me

131 2583 236 2611 omnia
253 2582 432 2618 supradicta
451 2586 519 2610 rata
539 2587 564 2609 et
584 2581 676 2618 firma
698 2591 814 2619 semper
831 2583 948 2617 habere,
969 2588 994 2611 et
1015 2584 1099 2612 nullo

130 2640 272 2672 tempore⁷
292 2634 377 2662 nullo
392 2634 478 2662 modo
495 2635 541 2662 vel
555 2635 686 2671 inqenio,
703 2639 809 2663 contra
826 2636 929 2664 venire
938 2647 948 2671 ,·
964 2637 1100 2672 obtiyans

130 2697 177 2716 me
201 2695 337 2723 meosque
363 2687 482 2715 heredes
506 2691 532 2715 et
557 2695 735 2715 successores
757 2692 782 2715 et
805 2689 911 2716 omnia
934 2697 998 2716 mea
1024 2689 1100 2716 bona

131 2740 258 2768 mobilia
289 2744 314 2768 et
340 2739 522 2774 immobilia,
550 2739 653 2768 babila
677 2745 702 2768 et
722 2740 871 2773 habenda,
898 2741 955 2777 ipsi
977 2740 1101 2769 domino

126 2801 205 2830 pape
221 2796 246 2820 et
263 2792 483 2820 successoribus
502 2792 567 2820 suis
585 2792 624 2820 ad
647 2793 750 2820 omnia
771 2792 951 2829 supradicta
969 2792 1103 2829 firmiter

130 2845 330 2874 observanda.
350 2845 386 2872 Et
412 2843 468 2882 [in]
488 2844 550 2872 hiis
572 2845 711 2873 omnibus
729 2846 874 2873 renuntio
890 2845 975 2873 omni
986 2845 1057 2881 jtcri
1077 2850 1103 2873 et

130 2899 249 2928 actioni
261 2897 334 2926 utili
348 2901 375 2926 ei
390 2897 500 2925 directe
513 2906 604 2934 super
614 2897 761 2934 predictis
776 2898 1046 2934 mihicompetenti
1057 2898 1103 2926 vel

129 2951 328 2987 competitore
353 2953 379 2977 et
399 2950 485 2978 omni
508 2950 628 2978 auxilio
653 2950 795 2978 canonici
814 2951 901 2986 juris
920 2950 967 2978 vel
987 2950 1101 2984 civilis,

129 3002 347 3032 consuetudini
372 3003 464 3030 etiam
489 3007 514 3030 et
537 3007 650 3031 statuto
670 3007 696 3031 et
718 3003 803 3031 omni
826 3003 871 3031 rei
892 3007 917 3031 et
937 3003 1104 3040 eoeceptioni

231 3066 318 3093 Lmen
336 3065 481 3093 szsuum.
499 3080 536 3086 —
553 3065 578 3093 Ι.

1209 427 1265 455 que
1288 423 1393 447 contra
1415 419 1512 455 ipsum
1534 419 1692 447 (lozuinum
1719 428 1829 456 papam
1853 426 1877 447 et
1900 420 2066 447 Romanam
2083 420 2175 448 eecle-

1208 471 1286 498 siam
1303 479 1394 507 super
1407 471 1565 507 premissis
1582 472 1711 507 quotibet
1733 472 1818 500 modo
1839 472 1944 500 habere
1958 480 2080 509 possem,
2101 480 2174 509 pro-

1208 524 1520 559 mittensjuramento
1537 533 1553 552 a
1571 534 1615 552 me
1628 526 1827 561 corporaliter
1840 526 1965 562 prestito
1979 526 2065 553 tactis
2075 534 2176 553 saero-

1209 577 1323 605 sanctis
1332 577 1498 613 evanyeliis
1510 586 1555 605 me
1566 577 1699 613 firmiter
1707 578 1842 614 predicta
1853 587 1921 606 omn
1929 579 1957 606 ia
1966 584 2172 607 servaturam.

1248 629 1355 657 Actum
1376 630 1564 666 presentibus
1588 631 1707 658 testibus
1727 630 1766 658 ad
1785 631 1837 658 hoc
1856 631 2026 667 specialiter
2046 632 2170 667 royatis,

1209 681 1323 709 scilicet
1341 691 1349 708 :

1250 733 1373 761 domino
1388 732 1539 770 Stephano
1555 734 1673 761 domini
1687 742 1761 770 pape
1779 735 1944 771 capellano,
1967 740 2053 769 teste,-

1251 785 1374 813 domino
1389 786 1527 814 Jolianno
1543 786 1576 813 de
1592 786 1757 822 Raynaldo⁷
1777 791 1864 821 teste,-

1251 837 1397 874 mayistro
1413 838 1519 865 Amato
1534 838 1690 873 familiari
1706 838 1824 866 domini
1840 848 1925 875 pape,
1947 844 2034 874 teste;

1251 889 1386 926 Spincllo
1402 889 1435 917 de
1450 890 1546 923 Senis,
1567 894 1652 925 teste,-

1252 942 1430 970 Montan'ino
1447 950 1600 979 campsore
1616 952 1740 976 camere,
1761 948 1848 978 teste‚·

1252 994 1353 1023 Lando
1369 994 1402 1022 de
1418 995 1519 1028 Atina,
1539 1000 1627 1029 teste;

1251 1047 1390 1075 Johanne
1411 1048 1490 1075 Pa-zo
1504 1052 1529 1075 ct
1547 1048 1631 1075 Petro
1647 1048 1770 1084 Passano
1788 1049 1918 1076 testibus.

1251 1100 1286 1128 Et
1305 1108 1355 1136 eqo
1370 1100 1536 1128 RIccardus
1553 1100 1724 1136 imperialis
1739 1101 1808 1128 aule
1820 1101 2006 1129 scriniarius
2018 1102 2097 1130 lianc
2113 1111 2177 1130 car-

1215 1157 1277 1180 tam
1301 1153 1461 1189 utriusque
1481 1153 1582 1189 partis
1606 1162 1750 1181 consensu
1775 1154 1883 1190 scripsi
1909 1158 1933 1181 et
1958 1155 2103 1190 complevi
2128 1163 2177 1183 ro-

1212 1209 1312 1241 gatus.

1174 1363 1367 1393 CCXXVII.
1399 1380 1438 1384 —
1467 1362 1617 1392 CARTULA
1647 1364 1784 1392 Gfflsnm
1817 1364 1972 1392 BAssmm
2003 1373 2041 1392 ET
2070 1372 2180 1393 Uxoms

1216 1425 1273 1446 SUE
1291 1425 1327 1445 DE
1349 1425 1539 1445 vssNmeNE
1563 1424 1711 1446 Boxomm
1734 1424 1860 1445 SUORUM
1877 1416 2013 1445 Romamn:
2037 1424 2180 1445 nccmzslss

1214 1478 1312 1498 FACTA
1328 1470 1348 1497 ¹.

1257 1575 1291 1603 ln
1307 1575 1430 1602 nomine
1451 1575 1583 1607 Domini,
1603 1582 1703 1602 amen.
1721 1575 1808 1602 Anno
1823 1574 2052 1602 incarnationis
2069 1574 2182 1602 Christi

1215 1628 1379 1656 millesimo
1394 1627 1597 1655 ducentesimo
1612 1627 1750 1657 XXXIIP’,
1768 1623 1966 1663 pontificatus
1982 1626 2100 1654 domini
2115 1628 2182 1654 tire-

1215 1671 1297 1718 9oiii
1314 1689 1391 1717 pape
1412 1680 1485 1708 noni
1504 1688 1584 1708 anno
1608 1680 1663 1714 ΠΟ,
1687 1688 1785 1707 mense
1804 1679 1955 1714 februarii
1972 1679 2019 1706 die
2034 1679 2111 1713 XXV,
2131 1679 2183 1707 in-

1216 1734 1347 1762 dictione
1358 1738 1450 1761 seicta.
1467 1733 1523 1761 Nos
1538 1732 1688 1760 ticrardus
1699 1732 1834 1760 Bassetus
1848 1736 1873 1759 et
1885 1731 2080 1767 Sicliclgyarda
2097 1735 2183 1768 pater

1216 1791 1241 1815 et
1257 1786 1336 1823 filia,
1355 1786 1411 1814 liae
1424 1786 1472 1813 die
1485 1785 1629 1822 presenti,
1647 1785 1773 1821 propria
1790 1789 1815 1812 et
1829 1784 1922 1812 libera
1941 1784 2093 1812 voluntate
2111 1792 2183 1811 ven-

1217 1839 1320 1867 dimus
1341 1843 1366 1867 et
1383 1838 1625 1866 irrevocabiliter
1642 1837 1794 1865 tradimus
1815 1837 1868 1864 tibi
1892 1837 2035 1872 nutyistro
2054 1836 2184 1871 llosl'rido

1220 1893 1318 1921 Uberti
1340 1891 1554 1929 procuratorio
1579 1891 1701 1918 nominc
1727 1898 1781 1925 pro
1809 1889 1932 1917 domino
1959 1898 2035 1925 papa
2061 1889 2184 1925 suisque

1217 1945 1434 1974 successoribus
1456 1948 1481 1971 et
1502 1944 1635 1971 Romana
1658 1942 1777 1970 ccclesia
1796 1942 1954 1978 recipienti
1970 1946 1994 1969 et
2011 1942 2050 1968 ad
2069 1950 2142 1977 opns
2159 1946 2186 1969 et

1217 1988 1383 2027 ulilitatcm
1403 1998 1536 2034 ipsorum
1552 1999 1712 2033 perpetuo;
1732 1994 1869 2022 videlieet
1886 1998 1975 2021 totam
1994 1998 2018 2022 et
2035 1994 2182 2029 inteqram

1216 2055 1335 2088 partem
1352 2054 1487 2078 nostram
1505 2057 1586 2076 rocce
1602 2052 1627 2076 et
1644 2047 1738 2075 castri
1754 2047 1879 2074 Paliani
1899 2050 1924 2074 et
1942 2055 2021 2074 rocce
2041 2055 2074 2073 ac
2093 2047 2186 2074 castri

1218 2104 1368 2137 Serronis,
1392 2111 1459 2130 cum
1478 2101 1616 2130 domibus
1636 2105 1661 2128 et
1680 2100 1828 2128 casalinis
1846 2099 1932 2134 infra
1955 2098 2069 2127 easdem
2089 2107 2187 2127 roccas

1219 2157 1304 2185 nobis
1327 2155 1561 2192 competentibus
1580 2158 1605 2181 et
1626 2162 1694 2181 cnm
1717 2153 1802 2180 omni
1819 2152 1905 2188 jure,
1925 2151 2144 2188 jurisdictione
2162 2156 2188 2179 et

1220 2210 1347 2244 actione,
1373 2208 1509 2236 dominio
1526 2207 1691 2240 ethonore,
1711 2209 1811 2233 ettam
1832 2205 1864 2233 in
1886 2205 2026 2233 vassallis
2044 2213 2134 2240 qzaim
2155 2204 2185 2232 in

1222 2262 1320 2297 terris,
1341 2261 1448 2295 vineis,
1464 2260 1574 2297 pratis,
1586 2259 1748 2293 montibus,
1762 2258 1897 2291 collibus,
1914 2257 2071 2294 planiciis.
2086 2257 2185 2290 silvis,

1216 2315 1352 2353 pascuis,
1372 2314 1461 2351 aquis
1481 2318 1506 2341 et
1526 2311 1766 2341 comunitatibus
1784 2311 1948 2344 universis,
1967 2310 2045 2338 sieut
2064 2310 2147 2337 nobis
2163 2314 2188 2337 et

1220 2367 1380 2396 heredibus
1401 2367 1514 2394 nostris
1534 2368 1705 2401 competunt
1724 2372 1780 2399 pro
1805 2363 1904 2391 diviso
1926 2363 1972 2391 vel
1995 2362 2130 2390 indiviso
2155 2362 2188 2389 in

1218 2420 1364 2458 predictis
1380 2419 1487 2448 castris
1504 2419 1588 2446 intus
1606 2422 1631 2445 et
1647 2421 1733 2445 ext-ra
1753 2420 1778 2444 et
1791 2423 1846 2452 per
1863 2419 1957 2443 totum
1974 2423 2077 2442 eorum
2097 2414 2188 2442 terri-

1223 2473 1337 2502 torium
1358 2476 1383 2500 et
1405 2471 1599 2504 districtum;
1622 2474 1647 2498 et
1669 2468 1817 2505 quiequid
1835 2476 1888 2495 nos
1910 2467 1955 2495 vel
1975 2467 2039 2494 alia
2059 2474 2189 2502 persona

1218 2534 1275 2563 pro
1300 2525 1384 2553 nobis
1409 2524 1442 2552 dc
1464 2523 1611 2560 predictis
1633 2522 1772 2549 omnibus
1797 2520 1985 2557 possidemus
2013 2528 2031 2547 a
2056 2519 2190 2556 presenti

1222 2578 1440 2607 constituimus
1457 2585 1506 2604 nos
1522 2576 1645 2603 nomine
1660 2575 1791 2602 Romane
1807 2573 1924 2601 ecclesie
1933 2572 2084 2608 possidere
2092 2582 2101 2605 ;
2116 2575 2141 2598 et
2154 2571 2189 2598 do

1223 2636 1249 2660 et
1264 2630 1389 2660 concedo
1407 2629 1463 2666 ipsi
1480 2629 1602 2656 domino
1617 2636 1691 2664 pape
1712 2627 1836 2654 liberam
1856 2629 2027 2662 potestatem
2048 2624 2190 2651 intrandi

1221 2809 1245 2835 1.
1261 2808 1295 2835 25
1312 2808 1416 2834 sev-rior
1435 2806 1510 2832 1233.
1525 2818 1560 2825 -—
1575 2803 1676 2830 Giracd
1695 2801 1820 2828 Bassetti
1837 2805 1864 2827 et
1880 2809 1911 2827 sa
1927 2800 1983 2826 fille
2003 2800 2189 2833 Sichelgarde

1184 2856 1287 2884 cedent
1303 2864 1338 2882 au
1355 2863 1426 2890 pape
1443 2853 1584 2887 Gregoire
1602 2851 1662 2883 IX,
1680 2851 1846 2885 represent&
1867 2857 1917 2883 par
1933 2848 2032 2874 maitre
2054 2847 2190 2874 Rom-edo

1184 2906 1297 2939 Uberffi,
1315 2905 1392 2930 leurs
1409 2903 1499 2928 droits
1515 2910 1566 2928 sur
1582 2900 1698 2926 paliano
1714 2902 1742 2925 et
1761 2898 1901 2928 Sex-rone,
1919 2905 1991 2931 pour
2008 2905 2063 2923 une
2080 2904 2190 2922 somme

1184 2954 1219 2981 de
1239 2953 1268 2980 1ss
1285 2953 1382 2986 livi-es,
1396 2952 1445 2985 qui
1461 2950 1523 2976 leur
1537 2958 1553 2975 a
1564 2951 1608 2975 ῥῑό
1620 2950 1720 2974 νει-ερε
1735 2955 1784 2982 par
1794 2947 1820 2972 le
1831 2946 1970 2972 camerier
1981 2944 2093 2971 Benoit.
2112 2944 2191 2971 Dans

1185 3003 1211 3028 le
1227 3002 1304 3032 titre,
1320 3001 1347 3026 le
1363 3003 1423 3026 mot
1438 3006 1536 3025 uxoms
1551 3006 1567 3024 a
1584 2998 1628 3023 cte
1643 2997 1755 3030 com·ng
1771 2995 1856 3029 apr'es
1871 3001 1945 3028 coup
1961 3001 1995 3019 en
2010 2994 2075 3025 filie.

2018 3055 2051 3082 62
