2392 3571
116 334 173 363 558
660 327 710 356 LE
735 326 879 355 LIBER
901 324 1135 355 CENSUUM
1160 323 1213 352 DE
1237 314 1424 353 L‘E'JGLISE
1446 322 1657 352 ROMAINE.

188 397 218 422 In
244 396 359 421 nomine
375 395 482 420 ‹lomini
506 393 595 419 nostri
619 392 690 418 Jesu
714 392 820 418 Christi
842 391 895 417 Dei
917 390 1022 421 eterni,
1045 398 1118 415 anno

155 445 285 479 ejusdem
316 443 466 468 millesimo
497 442 655 467 centesimo
686 440 872 473 nonagesimo
900 443 1017 470 octavo,
1046 442 1119 464 tem-

154 493 272 527 poribus
300 491 406 517 domini
434 490 593 516 Innocentii
617 489 659 515 ΙΙΙ
684 498 773 524 pape,
803 496 901 514 mense
925 490 1049 521 augusto
1074 486 1119 512 die

153 540 368 575 quartodecimo
390 540 523 570 intrante,
542 538 698 564 indictione
720 537 742 562 I.
767 536 908 568 Quoniam
933 544 1027 561 rerum
1050 543 1118 568 ges-

156 594 246 615 tarum
278 588 413 614 memoria
440 588 606 620 plerumque
632 587 712 620 lapsu
738 586 876 619 temporis
905 584 997 618 perire
1021 584 1119 609 dinos-

154 638 243 669 citur,
278 636 398 669 ideoque
429 636 518 661 nostri
548 638 748 660 antecessores
775 633 884 667 antiqui
914 632 1120 658 conventiones

154 689 181 710 et
206 690 286 719 pacta
312 684 462 709 voluerunt
487 683 593 717 scripta
617 682 763 708 mentibus
786 682 951 707 solemniter
974 682 1118 706 retinere:

155 733 230 759 unde
263 742 316 766 ego
347 732 496 757 «Iohannes
530 730 604 757 tituli
638 730 730 756 sancti
765 729 921 755 Clementis
951 728 1120 759 cardinalis,

157 781 347 807 viterbiensis
360 779 556 806 Tuscanensis
578 779 748 813 episco1mS,
770 777 896 804 concedo
913 777 963 803 tibi
981 776 1121 803 Riccardo

153 830 269 862 tuisque
295 829 462 862 nepotibus,
489 827 619 853 videlicet
640 826 798 852 Maehabeo
821 829 848 851 et
869 825 1012 855 Jolianni,
1037 833 1122 850 unam

154 878 254 903 silvam
286 885 341 910 que
365 877 470 902 reiacet
493 885 507 901 a
531 876 593 901 loco
616 876 664 908 qui
687 874 792 900 dicitur
818 874 957 905 Reatino,
985 878 1012 899 et
1036 873 1123 899 habet

153 926 225 951 fines
244 930 271 951 et
286 925 488 956 accessiones,
507 933 521 950 a
539 925 630 958 primo
647 924 734 949 latere
755 923 855 949 silvam
875 922 934 949 l’oli
951 921 1104 948 Rainucini
1116 942 1122 954 ‚

155 984 169 1000 a
186 974 313 1000 secundo
329 973 426 1008 Caput]
446 973 479 998 de
497 972 625 1001 Redera.
641 981 656 998 a
675 972 757 998 tertio
774 974 953 997 castanetum
968 970 1080 996 Befanii
1096 973 1124 996 et

155 1024 229 1050 Petri
248 1023 344 1048 Miculi
367 1022 495 1053 Fuscus,
513 1031 527 1047 a
544 1025 678 1055 quarto...
696 1021 757 1046 loco
774 1024 801 1046 et
817 1020 944 1046 concedo
960 1019 1041 1045 vobis
1058 1026 1123 1053 pre-

154 1072 257 1098 dictam
271 1071 382 1103 silvam¹
396 1070 555 1096 secuudum
568 1069 643 1103 quod
658 1069 820 1095 vicecomes
834 1068 1024 1094 Petronianus
1042 1067 1123 1093 vobis

155 1121 224 1155 pede
237 1120 372 1153 signabit,
385 1119 417 1144 ad
432 1118 653 1144 custodiendum
669 1122 696 1144 et
711 1117 889 1143 allevandum
902 1117 1019 1142 arbores
1032 1124 1124 1150 usque

157 1169 192 1195 ad
207 1169 308 1203 viginti
324 1176 431 1199 annos,
448 1167 495 1193 tali
513 1167 587 1192 inter
611 1174 662 1192 nos
683 1167 825 1191 existente
839 1168 922 1199 pacto
938 1165 1013 1198 quod
1032 1172 1124 1198 usque

157 1217 191 1244 ad
208 1217 309 1251 viginti
329 1224 420 1242 anuos
441 1216 512 1241 bene
533 1214 707 1241 custodietis
727 1214 827 1240 silvam
844 1218 872 1239 et
888 1213 1004 1239 arbores
1019 1212 1124 1238 alleva-

155 1267 222 1293 bitis
239 1274 288 1300 pro
306 1273 402 1300 posse,
415 1268 442 1290 et
459 1264 551 1290 nullas
567 1263 684 1289 arbores
696 1262 872 1292 diminuetis,
892 1270 943 1287 nec
961 1270 1010 1295 per
1026 1260 1125 1287 vendi-

157 1315 263 1342 tionem
287 1322 339 1340 nec
363 1322 413 1347 per
433 1313 519 1338 alium
544 1312 675 1344 modum,
702 1312 831 1345 exceptis
849 1311 961 1344 scopis,
981 1310 1082 1335 nocliis
1097 1313 1125 1335 et

156 1363 294 1397 carpinis,
311 1370 367 1396 que
384 1361 467 1387 liceat
489 1361 570 1386 vobis
587 1360 692 1385 habere
717 1363 744 1385 et
765 1359 840 1393 quod
858 1359 940 1384 vobis
955 1358 1048 1383 facere
1064 1358 1124 1391 pla-

157 1412 258 1438 cuerit.
285 1410 418 1436 Preterea
434 1418 487 1443 ego
505 1408 665 1435 Riecardus
681 1407 816 1442 promitto
833 1415 882 1440 per
899 1415 943 1432 me
961 1410 989 1431 et
1006 1414 1055 1439 per
1075 1414 1125 1431 ne-

157 1463 238 1494 potes
254 1466 333 1485 meos
350 1458 399 1483 tibi
416 1457 531 1483 domino
547 1456 672 1482 Jonanni
691 1456 765 1481 tituli
779 1455 869 1480 sancti
886 1454 1043 1480 Clementis
1059 1462 1124 1480 car-

156 1508 254 1539 dinali,
272 1507 306 1532 de
323 1506 428 1539 linguis
445 1514 499 1539 que
517 1506 542 1530 in
561 1505 631 1530 silva
648 1504 753 1529 fuerint
770 1503 850 1528 vobis
867 1502 944 1535 dare,
961 1502 986 1527 si
1003 1509 1124 1527 neeesse

156 1557 272 1587 fuerint,
290 1558 317 1580 et
334 1554 466 1580 similiter
482 1553 647 1579 hominibus
663 1552 697 1577 de
713 1552 886 1578 Petroniano
902 1551 1037 1583 circulos,
1054 1550 1078 1576 si
1096 1550 1123 1576 in

156 1604 227 1631 silva
248 1604 370 1633 suerint,
397 1606 424 1628 et
453 1602 506 1627 alia
535 1601 633 1634 lingna
655 1609 710 1633 que
738 1607 856 1625 neeesse
879 1599 985 1625 fuerint
1007 1598 1126 1633 prefatis

157 1652 323 1679 hominibus
344 1659 393 1685 pro
412 1650 474 1676 suis
496 1648 685 1680 utilitatibus,
702 1648 834 1674 videlicet
851 1655 901 1681 pro
919 1650 999 1681 porta
1016 1646 1058 1672 vel
1075 1654 1125 1680 pro

157 1705 260 1736 ponte,
277 1700 319 1726 vel
341 1708 390 1734 pro
413 1698 571 1724 munitione
587 1697 674 1723 castri
695 1696 729 1722 ad
750 1698 917 1730 preceptum
935 1696 1124 1729 vicecomitis,

156 1751 204 1784 qui
226 1758 275 1784 pro
298 1753 425 1782 tempore
445 1747 530 1773 fuerit
552 1747 579 1771 in
601 1749 705 1772 castro.
725 1744 873 1771 Vicesimo
890 1752 964 1770 anno
981 1747 1126 1770 transacto

157 1800 254 1833 lingna
270 1806 325 1832 que
342 1797 447 1823 suerint
462 1796 489 1821 in
507 1795 579 1821 silva
597 1803 646 1829 pro
663 1793 815 1820 medietate
831 1793 889 1819 sint
904 1793 1077 1824 communia,
1097 1796 1127 1819 ut

156 1847 339 1874 medietatem
363 1845 491 1871 habeatis
512 1847 683 1878 potestatem
704 1841 842 1873 habendi,
863 1841 978 1867 tenendi
1001 1846 1030 1867 et
1051 1841 1126 1867 iudi-

158 1895 250 1929 candi,
263 1895 355 1929 primo
367 1893 482 1919 domino
499 1893 570 1918 silve
586 1891 766 1925 interpellato
779 1891 803 1916 si
815 1898 982 1923 comparare
995 1890 1126 1916 voluerit.

158 1945 193 1971 Et
218 1945 242 1970 si
267 1950 431 1977 comparare
461 1941 598 1971 voluerit,
624 1940 757 1965 dabimus
782 1939 881 1965 decem
908 1938 1008 1965 solidis
1031 1939 1127 1964 minus

158 2001 242 2027 quam
260 1992 337 2017 alteri
356 1998 494 2024 persone;
513 1993 539 2015 et
555 1990 579 2015 si
597 1988 729 2021 noluerit,
745 1987 856 2013 faciatis
872 1987 975 2013 exinde
991 1987 1127 2021 quicquid

158 2041 317 2067 volueritis.
336 2039 422 2064 Terra
439 2041 532 2064 autem
550 2038 612 2063 sine
629 2036 760 2062 molestia
777 2035 810 2061 ad
828 2036 974 2062 dominum
994 2035 1128 2062 cardina-

159 2090 213 2115 lem
226 2090 253 2115 in
266 2096 334 2123 pace
345 2090 512 2113 revertatur.
526 2085 561 2111 Et
573 2086 596 2112 si
609 2094 662 2119 ego
674 2085 769 2111 dictus
784 2084 934 2111 «Iohannes
950 2084 1024 2110 tituli
1036 2084 1128 2110 sancti

158 2137 328 2167 Clementis,
348 2140 447 2162 contra
471 2135 635 2169 supradicta
660 2135 767 2166 fecero,
785 2143 886 2168 penam
909 2137 1025 2160 centum
1042 2134 1128 2160 libra-

159 2194 222 2212 rum
240 2185 320 2211 vobis
337 2192 509 2219 componere
526 2183 670 2218 promitto.
683 2182 719 2209 Et
734 2183 758 2209 si
775 2191 828 2217 ego
841 2182 1001 2208 Riecardus
1019 2191 1068 2217 per
1084 2190 1129 2208 me

159 2238 188 2260 et
205 2242 284 2259 meos
305 2236 424 2267 nepotes
448 2232 542 2258 omnia
557 2231 722 2265 supradicta
737 2230 884 2257 attendere
900 2231 1029 2264 noluero,
1047 2230 1129 2257 vobis

160 2283 322 2316 vestrisque
350 2280 571 2307 successoribus
603 2287 705 2314 penam
735 2288 748 2305 c
783 2279 918 2305 librarum
946 2279 1129 2306 denariorum

160 2333 278 2357 senatus
294 2337 466 2364 componere
483 2328 628 2363 promitto.
649 2327 684 2354 Et
704 2328 728 2354 si
749 2327 783 2353 de
800 2327 871 2354 silva
886 2327 973 2354 fuerit
988 2331 1128 2362 acessata‚

160 2379 241 2405 vobis
259 2378 325 2405 dare
341 2378 476 2412 promitto
493 2377 675 2403 medietatem
686 2398 692 2410 ‚
710 2380 738 2403 et
754 2378 889 2411 promitto
905 2376 1030 2410 singulis
1046 2376 1131 2403 annis

160 2427 334 2462 gual-dianos
359 2426 431 2453 silve
453 2426 547 2452 facere
566 2427 666 2460 jurare
687 2425 789 2451 silvam
814 2425 936 2451 allevare
962 2428 990 2451 et
1012 2425 1131 2451 arbores

159 2475 305 2502 custodire
322 2478 350 2501 et
363 2476 413 2510 jus
434 2478 561 2501 vestrum
574 2474 703 2505 reddere,
721 2477 750 2500 ut
766 2473 902 2508 superius
917 2473 1031 2508 legitur.
1050 2473 1085 2500 Et
1101 2476 1133 2500 ut

160 2524 255 2550 omnia
281 2523 447 2558 supradicta
467 2522 544 2549 omni
565 2526 694 2557 tempore
719 2522 811 2557 magis
834 2521 894 2549 sint
919 2522 1055 2556 valitura,
1079 2530 1133 2548 nos

126 2669 201 2695 dinal
215 2669 299 2700 Jean,
317 2669 427 2703 eveque
442 2667 477 2694 de
492 2667 620 2699 Viterbe‚
638 2667 730 2693 confie
745 2668 760 2693 a
775 2666 903 2693 Richard
918 2669 946 2693 et
960 2668 976 2692 a
992 2674 1039 2693 ses
1055 2665 1131 2693 deux

127 2725 253 2749 neveux,
271 2725 344 2751 pour
366 2724 421 2742 une
445 2715 533 2742 duree
552 2715 587 2741 de
608 2715 690 2749 vingt
712 2723 780 2748 ans,
806 2723 862 2741 une
883 2715 957 2741 soret
981 2715 1074 2741 situee
1094 2723 1131 2742 au

127 2765 183 2792 lieu
207 2765 248 2792 dit
272 2765 414 2797 Reatino,
437 2765 504 2799 pres
529 2764 564 2790 de
585 2764 784 2798 Petrognano,
812 2772 847 2790 au
874 2764 928 2790 sud
954 2764 988 2790 de
1013 2764 1132 2791 Viterbe

131 2814 176 2846 (cf.
193 2813 352 2845 ci-dessus,
369 2820 400 2839 nv
415 2812 518 2845 XCV).
541 2812 564 2838 Il
580 2812 627 2847 n'y
643 2821 658 2838 a
674 2820 725 2846 pas
740 2813 755 2838 a
772 2812 845 2838 tenir
862 2816 976 2847 compte
993 2814 1029 2839 du
1047 2813 1131 2845 titre,

128 2861 239 2895 d'apres
255 2861 346 2895 lequel
365 2864 440 2887 cette
456 2861 567 2887 localite
583 2861 672 2886 serait
693 2862 709 2886 a
725 2860 865 2886 chet-cher
880 2869 931 2886 sur
950 2861 974 2886 le
991 2861 1132 2888 territoire

129 2909 163 2935 de
180 2909 264 2935 Rieti.
282 2924 315 2928 —-
330 2908 544 2943 Transcription
562 2909 759 2943 postet-ieme,
776 2917 826 2942 par
841 2909 884 2935 les
899 2910 980 2935 seins
995 2909 1063 2936 d'un
1081 2918 1133 2936 no-

128 2956 199 2983 taire
214 2955 403 2990 apostolique.

1237 389 1352 422 quidem
1364 388 1587 421 Camagerectus
1599 390 1627 413 et
1640 386 1894 413 Achochenbaldi¹
1907 389 1935 412 et
1945 386 2089 412 Tineosus
2105 393 2207 412 sumus

1237 436 1438 469 fideiussores,
1459 435 1578 470 quilibet
1600 436 1626 461 in
1651 438 1766 460 centum
1790 434 1870 460 libris
1887 435 1913 460 in
1932 434 2066 466 solidum,
2089 434 2140 459 tibi
2155 433 2206 459 do-

1237 485 1315 510 mino
1335 484 1487 514 cardinali,
1512 488 1539 509 ut
1560 492 1625 509 cum
1642 482 1804 509 Riccardus
1820 483 1854 508 ad
1875 486 1990 516 tempus
2007 482 2106 508 militie
2122 482 2208 508 deve—

1239 533 1326 565 nerit,
1341 540 1407 558 eum
1426 532 1520 557 facere
1537 533 1632 558 iurare
1649 531 1683 556 ad
1699 534 1799 557 sancta
1814 530 1867 556 Dei
1883 531 2030 564 evangelia
2045 529 2141 556 omnia
2157 537 2208 556 su-

1237 580 1364 615 pradicta
1381 581 1453 606 bona
1474 580 1528 605 fide
1547 581 1709 605 observare,
1735 579 1858 614 Insuper
1874 587 1927 612 ego
1945 579 2040 604 dictus
2056 578 2209 604 cardinalis

1239 629 1372 663 promitto
1398 637 1488 662 usque
1512 629 1544 655 ad
1571 628 1678 654 dictum
1703 632 1817 662 tempus
1843 627 1877 653 ab
1903 627 1981 653 omni
2006 627 2122 653 homine
2147 627 2209 653 iure

1237 677 1401 704 defendere.

1273 725 1394 752 Factum
1419 730 1463 751 est
1483 725 1537 751 hoc
1560 726 1586 751 in
1612 725 1715 759 palatio
1736 725 1884 751 memorati
1901 724 2065 754 cardinalis,
2083 723 2158 750 unde
2175 731 2210 750 ex

1239 778 1320 809 parte
1336 773 1444 800 domini
1467 773 1621 800 cardinalis
1637 772 1825 799 Carsidonius
1840 776 1868 799 et
1885 772 2085 803 MassarariuS,
2102 771 2210 798 Paulus

1239 822 1274 848 de
1302 822 1382 848 Bona
1407 821 1548 854 Petrucii,
1572 821 1722 847 Johannes
1745 821 1779 846 de
1804 820 1999 853 Quilimanni‚
2023 820 2153 854 Angelus
2176 819 2211 846 de

1240 870 1385 903 Citadino,
1405 869 1540 901 Frorius,
1559 869 1725 901 Ranucius,
1742 873 1810 895 sunt
1823 870 1915 895 vocati
1933 868 2059 899 testes²;
2078 876 2112 893 ex
2130 871 2210 902 parte

1240 919 1385 950 Riccardi,
1404 919 1465 944 Azo
1482 918 1658 948 Cheribaldi,
1677 917 1892 952 Camageretus,
1910 917 2063 949 Tineosus,
2081 916 2210 942 Catalec—

1240 972 1299 1001 tus,
1316 968 1468 1000 Gimodus,
1486 971 1554 993 sunt
1569 967 1661 993 vocati
1679 970 1779 992 testes.

1276 1016 1338 1050 Ego
1359 1016 1497 1050 magister
1519 1016 1657 1041 Albertus
1679 1014 1767 1049 judex
1790 1018 1817 1040 et
1840 1014 1968 1040 notarius
1991 1014 2043 1039 hec
2063 1012 2159 1039 omnia
2175 1013 2213 1039 ita

1241 1065 1361 1099 scripsi,
1377 1068 1442 1099 post
1458 1064 1587 1090 traditam
1605 1063 1746 1097 complevi
1762 1066 1790 1089 et
1806 1062 1880 1089 dedi.

1277 1113 1338 1147 Ego
1353 1113 1502 1139 Jobannes
1523 1113 1556 1138 de
1579 1112 1684 1138 Sancto
1702 1111 1872 1141 Laurentio,
1894 1115 1993 1136 sancte
2015 1110 2145 1136 Romane
2166 1117 2214 1136 ec-

1242 1162 1329 1188 clesie
1355 1161 1541 1194 scriniarius,
1565 1162 1641 1187 sicut
1664 1162 1691 1187 in
1713 1160 1857 1186 autentico
1881 1159 2012 1186 consecto
2037 1166 2086 1193 per
2111 1165 2215 1185 manus

1242 1211 1374 1245 magistri
1391 1210 1502 1236 Alberti
1516 1209 1625 1244 judicis
1645 1213 1673 1235 et
1694 1209 1795 1235 notarii
1813 1208 1869 1234 vidi
1890 1212 1918 1234 et
1937 1208 2011 1242 legi,
2033 1209 2070 1234 ita
2090 1207 2212 1241 scripsi,

1242 1259 1351 1285 absolvi
1367 1262 1394 1284 et
1410 1258 1561 1292 complevi.

1211 1404 1385 1438 [CCXCIIIJ.
1407 1418 1441 1424 —
1461 1404 1580 1436 Quanam
1600 1411 1718 1430 οοΝΑτιο
1742 1411 1821 1429 mrsu
1841 1411 1920 1429 vivos
1939 1411 2023 1429 FACTA
2040 1411 2091 1429 psa
2105 1402 2216 1429 ‹Ioum-

1243 1462 1297 1480 NEM
1317 1453 1445 1480 Ctmssutu
1466 1452 1592 1478 Nicomo
1614 1452 1760 1478 RAYNALnt
1772 1453 1792 1479 ³.

1277 1549 1296 1581 -1-
1316 1547 1348 1573 In
1371 1548 1487 1573 nomine
1511 1546 1619 1572 domini
1642 1547 1732 1572 nostri
1752 1545 1824 1571 Jesu
1846 1544 1964 1571 Christi.
1982 1545 2068 1571 Anno
2083 1544 2216 1579 eJusdem

1243 1594 1504 1625 MCCXXXVIII,
1537 1594 1721 1629 pontificatus
1751 1593 1859 1619 domini
1889 1593 2021 1627 Gregorii
2048 1601 2120 1628 pape
2148 1593 2218 1619 noni

1244 1652 1319 1670 anno
1332 1643 1386 1677 XI,
1405 1643 1561 1669 indictione
1578 1642 1630 1673 XI,
1650 1649 1750 1668 mense
1766 1641 1902 1667 februarii
1917 1641 1961 1667 die
1979 1631 2217 1668 VIII.’Dominus

1243 1692 1394 1718 «lohannes
1417 1691 1541 1717 Crassus
1565 1691 1641 1716 filius
1669 1689 1813 1724 quondam
1838 1689 1947 1715 domini
1974 1689 2051 1716 Petri
2078 1689 2218 1724 Stephani

1244 1741 1387 1767 Jobannis
1404 1740 1500 1766 Crassi
1524 1741 1596 1766 civis
1614 1739 1779 1772 Romanus,
1802 1739 1876 1765 bona
1891 1747 1944 1765 sua
1961 1740 2107 1765 voluntate
2123 1748 2138 1765 a
2152 1747 2218 1774 pre-

1245 1790 1321 1816 senti
1338 1790 1384 1816 die
1401 1789 1476 1815 inter
1493 1790 1574 1814 vivos
1590 1788 1715 1821 donavit,
1734 1788 1837 1821 cessit,
1856 1788 1942 1814 libere
1960 1787 2104 1820 restituit,
2122 1787 2220 1813 reddi-

1245 1838 1286 1865 dit
1309 1842 1338 1864 et
1354 1837 1470 1864 tradidit
1492 1837 1607 1863 domino
1630 1836 1748 1862 Nicolao
1770 1835 1910 1870 Raynaldi
1929 1836 1963 1861 de
1986 1835 2100 1862 paliano
2124 1836 2219 1862 omnia

1246 1887 1320 1913 bona
1338 1886 1453 1912 mobilia
1469 1890 1496 1911 et
1511 1885 1677 1917 immobilia,
1700 1885 1834 1911 videlieet
1849 1884 1968 1918 domos⁷
1986 1888 2091 1914 terraS,
2109 1884 2218 1916 vineas,

1246 1939 1325 1962 ortos
1344 1938 1372 1960 et
1389 1939 1495 1969 partem
1519 1934 1661 1968 integram
1679 1933 1815 1959 silvarum
1831 1954 1836 1965 ‚
1861 1936 2023 1967 pratorum,
2045 1939 2220 1966 pascuorum

1247 1982 1275 2010 et
1291 1984 1412 2010 fontium
1430 1987 1458 2009 et
1476 1984 1541 2016 jura
1557 1982 1744 2008 vassallorum
1763 1990 1818 2015 que
1842 1979 1963 2007 habebat
1985 1985 2013 2007 et
2030 1989 2085 2014 que
2101 1980 2135 2006 ad
2153 1988 2220 2006 eum

1247 2033 1291 2059 vel
1307 2040 1377 2059 suos
1390 2039 1579 2058 successores
1595 2035 1622 2056 et
1639 2029 1759 2056 heredes
1775 2029 1943 2064 spectabant
1955 2029 1997 2055 vel
2010 2033 2140 2063 spectare
2154 2036 2221 2064 pos-

1248 2085 1313 2108 sent
1325 2081 1353 2106 in
1369 2084 1463 2107 castro
1482 2079 1589 2105 Paliani
1607 2082 1635 2105 et
1650 2083 1745 2104 castro
1761 2078 1894 2105 Serronis
1911 2081 1938 2103 et
1953 2077 2105 2104 territoriis
2119 2085 2220 2104 eorum

1248 2138 1283 2156 ex
1305 2129 1459 2155 donatione
1482 2135 1568 2162 quam
1589 2127 1655 2153 olim
1679 2126 1752 2153 idem
1774 2126 1909 2152 dominus
1933 2125 2070 2152 Nicolaus
2085 2125 2120 2151 de
2136 2125 2222 2151 bonis

1247 2178 1321 2212 ipsis
1337 2177 1393 2204 sibi
1414 2177 1529 2208 fecerat,
1547 2176 1623 2202 sicut
1639 2175 1794 2210 apparebat
1811 2182 1862 2209 per
1878 2174 2024 2208 publicum
2040 2175 2222 2200 instrumen-

1249 2230 1307 2253 tum
1316 2226 1478 2253 confectum
1488 2233 1537 2259 per
1546 2224 1721 2259 Raynerium
1729 2223 1873 2249 ,Iohannis
1882 2222 1976 2257 Egidii
1989 2223 2184 2256 scriniarium,
2193 2225 2222 2248 et.

1247 2276 1388 2309 omnejus
1396 2274 1571 2300 etactionem
1579 2276 1607 2298 et
1617 2272 1767 2304 rationem,
1776 2272 1881 2298 realem
1889 2271 2113 2305 etpersonalem,
2122 2271 2221 2297 utilem

1248 2327 1277 2350 et
1292 2323 1447 2354 directam,
1466 2322 1581 2348 tacitam
1607 2324 1635 2347 et
1658 2328 1843 2355 expressam,
1861 2319 1937 2354 quod
1954 2322 1982 2346 et
1997 2328 2083 2353 quam
2100 2319 2222 2346 habebat

1248 2372 1292 2398 vel
1312 2371 1417 2397 habere
1434 2373 1533 2405 posset
1553 2378 1605 2396 seu
1621 2369 1655 2395 ad
1672 2377 1737 2396 eum
1758 2371 1903 2403 spectaret
1917 2368 1946 2394 in
1963 2368 2036 2402 ipsis
2052 2367 2145 2401 bonis,
2162 2370 2221 2394 tam

1247 2419 1276 2445 in
1293 2419 1380 2445 rebus
1394 2417 1549 2444 mobilibus
1565 2425 1650 2451 quam
1666 2417 1693 2442 in
1711 2416 1909 2442 immobilibus
1924 2419 1952 2442 et
1968 2415 2100 2442 vassallis
2116 2418 2144 2441 et
2158 2414 2221 2441 leu-

1249 2467 1303 2498 dis,
1323 2470 1351 2493 et
1365 2467 1462 2501 ipsum
1477 2466 1505 2492 in
1522 2474 1582 2492 rem
1597 2473 1679 2492 suam
1697 2472 1785 2499 super
1801 2464 1858 2491 hiis
1875 2467 2092 2498 procuratorem
2108 2464 2222 2490 consti-

1251 2621 1275 2647 1.
1294 2621 1367 2646 Lisez
1385 2630 1392 2646 :
1409 2619 1470 2646 Azo
1485 2619 1659 2646 Cheribaldi.

1250 2668 1275 2694 2.
1294 2669 1357 2695 Cod.
1375 2668 1442 2694 ista.

1251 2716 1276 2743 3.
1294 2715 1412 2747 Latran,
1437 2715 1452 2741 8
1471 2715 1575 2741 sevrier
1600 2714 1677 2741 1238.
1699 2727 1735 2734 —
1753 2713 1827 2739 Jean
1848 2712 1953 2739 Crasso
1974 2711 2043 2738 cede
2066 2712 2082 2738 a
2103 2710 2224 2738 Nicolas

1214 2763 1348 2791 Rainaldi
1365 2768 1430 2790 tous
1447 2771 1495 2790 ses
1512 2763 1594 2789 biens
1609 2763 1624 2788 a
1640 2761 1756 2788 Paliano
1772 2766 1801 2787 et
1817 2760 1951 2787 Serrone.
1968 2759 2049 2786 Cette
2063 2759 2162 2786 charte
2177 2761 2224 2785 est

1215 2812 1396 2839 coordonnee
1412 2819 1468 2838 aux
1489 2811 1564 2838 deux
1585 2810 1744 2837 suivantes.
1761 2823 1793 2830 -
1809 2808 1866 2835 Les
1884 2809 1929 2835 six
1946 2809 2043 2843 pieces
2059 2806 2222 2833 CCXCIII-

1216 2850 1390 2886 CCXCVH'I
1406 2862 1472 2886 sont
1494 2858 1528 2885 de
1545 2859 1570 2884 la
1590 2858 1683 2884 meme
1704 2857 1828 2884 ecriture
1847 2859 1876 2883 et
1895 2864 1927 2883 se
1946 2855 2102 2882 terminent
2118 2863 2169 2889 par
2183 2862 2221 2881 un

1216 2916 1433 2942 monogramme
1449 2908 1580 2941 (sianum)
1597 2906 1757 2941 identique,
1774 2905 1849 2932 celui
1868 2905 1906 2931 du
1928 2905 2037 2931 notaire
2052 2903 2171 2930 Nicolas
2186 2902 2225 2929 de

1217 2955 1383 2983 Ferentino.
