2392 3571
145 324 200 353 546
684 318 735 347 LE
758 317 904 346 LIBER
926 314 1161 346 CENSUUM
1185 314 1239 343 DE
1262 304 1449 343 L‘EGLISE
1472 313 1684 343 ROMAINE.

146 385 396 417 CCLXXYIIH.
417 400 456 405 ——
479 384 538 412 Hic
562 392 615 411 EST
634 391 833 412 coxTnACTus
853 391 889 410 οε
911 390 1067 411 mertone
1087 389 1144 408 ME-

186 446 328 467 mmzu-is
353 445 475 466 GanNts
498 445 565 465 Slva
589 443 674 463 Ancus
697 444 734 463 DE
755 434 904 470 GUALno,
926 442 1040 463 mcws
1066 441 1145 462 TEM-

186 500 262 521 eons
287 499 392 520 noum
415 489 569 518 Gnssoonn
591 497 666 517 ΡΑΡΕ
683 496 756 517 som
779 497 817 516 m·
842 496 950 517 nomm
972 487 1144 516 Baseotch

185 551 350 573 causamn
379 550 516 570 masuam
543 549 599 569 pen
625 549 769 570 nonnum
795 541 984 569 ALAmex-um
1007 548 1146 572 nocuus

184 597 358 625 Semi-:TAM
376 601 539 622 RECTOREM
554 594 574 621 ¹.

224 702 256 729 In
278 701 392 729 Christi
412 700 550 733 nomine,
576 707 677 726 amen.
701 699 787 726 Anno
811 698 943 734 ejusdem
964 697 1145 730 MCCXXXV,

184 753 350 781 indictione
372 752 446 780 ΠΗ.
463 756 592 787 tempore
608 751 727 778 domini
745 751 882 786 Gregorii
896 758 972 786 pape
986 750 1058 777 noni
1072 749 1148 777 ewis-

185 805 285 838 tentis,
304 804 351 831 die
373 804 421 831 rt]
441 807 565 831 meante
583 811 680 831 mense
696 803 787 831 maio.
806 803 863 831 Nos
879 802 999 838 quidem
1019 801 1148 835 Ofredu-

183 859 250 886 cius
266 857 383 893 Georqii
399 860 425 883 et
439 855 565 883 Jacobus
584 855 736 891 quondam
757 855 877 883 domini
893 854 1053 882 Benadacti
1074 854 1147 881 olim

183 912 216 939 de
233 910 355 944 (izutldo,
370 910 442 945 jure
457 909 581 946 proprio
605 908 778 941 vendimus,
803 908 955 936 tradimus
971 912 995 935 et
1011 906 1148 935 concedi-

184 973 259 997 mus,
286 963 403 991 damus.
430 962 564 989 cedimus
580 966 605 989 et
623 961 818 993 mandamns,
836 961 918 989 vobis
936 960 1059 988 domino
1075 959 1148 987 Ata-

184 1017 265 1044 trino
281 1015 398 1044 domini
413 1023 488 1051 pape
506 1014 687 1042 subdiacono
703 1018 728 1041 et
742 1013 905 1050 capellano,
923 1021 964 1040 nu
972 1021 1005 1040 nc
1019 1012 1148 1040 ducatus

183 1068 337 1105 Spoletani
355 1068 470 1101 rectori,
493 1066 654 1102 recipienti
676 1066 798 1094 nomine
820 1070 845 1093 et
869 1065 929 1093 vice
954 1066 1084 1093 Romane
1103 1073 1148 1093 ec-

183 1121 276 1155 clesie,
296 1120 414 1148 domini
428 1128 504 1156 pape
523 1119 658 1155 Gregorii
673 1123 699 1146 et
715 1127 916 1146 successorum
934 1118 1008 1154 ejus,
1028 1121 1148 1154 partem

184 1177 337 1207 nostram,
373 1172 471 1200 silicet
498 1171 696 1204 medietatem,
722 1171 841 1206 yironis
862 1171 924 1198 sice
948 1170 1028 1198 arcis
1053 1169 1148 1206 ipsius

184 1225 277 1253 castri
293 1224 326 1252 de
350 1223 478 1256 Gualdo,
500 1223 639 1252 videlicet
659 1232 675 1250 a
698 1223 888 1251 carbonariis
914 1222 1010 1259 ipsius
1030 1221 1149 1258 yironis

183 1281 268 1307 intus
285 1286 354 1306 cum
368 1277 443 1314 ipsis
462 1276 653 1305 carbonariis
670 1280 695 1304 et
712 1276 796 1303 rebus
812 1275 960 1309 omnibus,
978 1274 1104 1310 juribus
1123 1278 1148 1302 et

183 1330 372 1359 utilitatibus
388 1330 485 1366 ipsius
499 1329 629 1365 aironis,
644 1328 749 1356 dantes
767 1328 846 1356 robis
860 1336 914 1363 pro
930 1328 1010 1355 dicta
1027 1327 1147 1355 ecclesia

182 1384 314 1411 Romana
337 1382 494 1418 recipienti
508 1381 628 1417 plenam
648 1381 802 1408 licentiam
818 1384 843 1408 et
858 1384 1030 1416 potestatem
1050 1383 1146 1407 vestra

182 1435 364 1463 auctoritate
391 1434 604 1470 possessionem
635 1432 775 1460 intrandi
792 1454 797 1465 ,
832 1432 981 1469 habendi,
1013 1431 1143 1466 tenendi,

180 1486 362 1524 possidendi,
382 1486 516 1521 fruendi,
537 1490 563 1512 et
577 1485 724 1520 quiequid
742 1485 821 1512 vobis
837 1484 870 1511 de
884 1489 977 1512 cetero
991 1492 1046 1520 pro
1062 1484 1147 1511 eccle-

183 1541 228 1567 sia
245 1540 378 1567 Romana
401 1539 550 1574 placuerit
569 1537 715 1572 faciendi,
746 1541 892 1572 tanquam
916 1536 950 1564 de
971 1545 1002 1564 re
1019 1536 1146 1572 propria

185 1592 280 1628 ipsius
296 1592 425 1619 Romane
441 1590 558 1617 ecclesie
573 1589 638 1617 sinc
660 1589 794 1624 alicujus
815 1589 860 1616 vel
881 1589 1059 1624 aliquorum
1076 1596 1148 1616 con-

182 1643 374 1671 tradictione.
386 1643 420 1670 Et
433 1642 551 1674 dumus,
565 1641 707 1675 cedimus,
724 1640 916 1675 mandamus,
931 1641 1012 1669 ‘vobis
1023 1640 1147 1669 domino

180 1696 322 1724 Atatrino
337 1694 496 1731 recipienti
514 1694 635 1721 nomine
651 1698 675 1721 et
694 1693 755 1721 vice
767 1693 898 1721 Romane
913 1693 1030 1721 ecclesie
1042 1693 1147 1721 omnia

175 1750 252 1785 jura
266 1755 425 1783 omnesque
444 1747 576 1774 actiones
593 1746 698 1778 utiles,
717 1745 862 1779 directas,
880 1746 985 1779 reales,
1002 1754 1148 1782 persona-

183 1802 230 1835 les,
252 1801 357 1829 tacitas
373 1804 398 1827 et
419 1807 582 1835 expressas,
601 1807 656 1834 que
678 1802 703 1826 et
720 1806 795 1834 quas
811 1798 954 1825 habemus
979 1798 1022 1825 vel
1042 1798 1148 1826 habere

181 1854 322 1882 videmur
336 1853 367 1880 in
381 1851 514 1889 predicta
532 1851 685 1878 medietate
700 1851 795 1887 ipsius
806 1850 942 1886 9ironis‚·
959 1851 1148 1878 constituen-

183 1912 221 1935 tes
247 1915 300 1943 per
330 1913 378 1933 vos
409 1905 502 1941 ipsam
533 1904 697 1931 Romanam
727 1903 879 1931 ecclesiam
904 1903 1148 1939 procuratricem

184 1964 331 1995 tanquam
355 1959 383 1985 in
407 1966 469 1985 rem
493 1965 593 1984 suam.
619 1956 692 1984 Item
711 1956 926 1992 promittimus
950 1955 1032 1984 vobis
1048 1956 1148 1992 stipu-

184 2012 262 2040 lanti
282 2011 403 2039 nomine
428 2011 556 2038 Romane
578 2009 704 2042 ecclesie,
729 2007 808 2044 quod
834 2008 915 2036 nulli
937 2008 1076 2036 dedimus
1098 2017 1148 2036 nec

183 2065 286 2100 aliquo
303 2063 388 2091 morlo
404 2058 730 2091 concessimus'dictam
757 2065 890 2089 nostram
908 2065 1028 2097 partem
1051 2061 1149 2097 ipsius

182 2117 309 2153 gironis,
338 2116 381 2144 rel
404 2116 468 2151 ejus
486 2116 540 2151 jus
561 2114 686 2150 aliquod
716 2114 759 2142 cel
781 2113 930 2141 actionem
957 2113 990 2142 de
1013 2113 1149 2150 predicta

183 2168 339 2196 medietate
361 2168 456 2204 ipsius
471 2167 590 2204 [sirenis
613 2167 656 2194 vel
675 2167 739 2202 ejus
759 2165 886 2202 juribus
902 2170 928 2193 et
947 2165 1146 2199 utilitatibus,
1163 2196 1167 2198 ,

182 2230 236 2258 per
254 2230 304 2249 nos
321 2221 365 2249 vel
384 2229 436 2257 per
451 2220 630 2247 submissam
653 2227 814 2255 personam
824 2229 834 2253 ,*
854 2222 879 2246 et
899 2218 924 2246 si
948 2218 1052 2254 aliquo
1074 2222 1149 2246 tem-

181 2282 253 2310 pore
265 2273 411 2301 concessio
430 2273 535 2308 aliqua
552 2272 731 2308 apparuerit
749 2279 767 2299 a
789 2271 872 2299 nobis
894 2271 940 2298 vel
959 2270 1064 2306 aliquo
1081 2279 1149 2299 nos-

185 2331 267 2354 trum
283 2326 316 2354 de
330 2326 409 2354 dieta
427 2330 528 2353 nostra
543 2329 629 2361 parte
648 2325 743 2361 ipsius
759 2324 878 2360 =aironis
901 2324 946 2352 vel
971 2324 1067 2360 ipsius
1077 2324 1150 2360 jure

183 2380 263 2414 sacta
279 2379 386 2415 aliquav
409 2378 578 2412 occasione,
603 2377 814 2414 promittimus
834 2385 888 2413 per
912 2385 966 2405 nos
988 2381 1013 2405 et
1036 2381 1150 2405 nostros

184 2432 302 2460 heredes
318 2436 343 2460 et
356 2439 535 2460 successores
546 2431 698 2459 ecclesiam
712 2431 880 2459 Romanam
891 2438 1069 2458 conservare
1083 2429 1150 2458 inde

186 2484 375 2520 indempnem
393 2484 531 2512 omnibus
549 2483 659 2511 nostris
674 2483 821 2520 expensis.
836 2483 892 2510 Pro
905 2490 966 2518 qua
978 2482 1151 2510 venditione

186 2537 381 2571 refutatione,
405 2536 595 2569 remissione,
619 2535 739 2564 datione
760 2539 784 2563 et
808 2535 951 2569 cessione,
970 2534 1151 2570 confitemur

185 2597 237 2616 nos
255 2589 375 2617 nomine
386 2589 479 2626 pretii
497 2589 636 2625 recepisse
652 2597 668 2616 a
691 2588 772 2617 ¹cobis
792 2588 922 2616 solvente
942 2595 996 2624 pro
1014 2587 1079 2624 ipsa
1095 2587 1150 2615 Ro-

184 2763 207 2787 1.
222 2762 351 2794 Bettona,
368 2763 400 2788 ‘25
418 2762 472 2788 mai
493 2762 569 2789 1235.
587 2776 619 2782 —
640 2762 786 2794 Muratori,
805 2764 880 2793 Ant.¹
899 2766 919 2790 t.
934 2763 972 2797 11,
990 2773 1017 2798 p.
1035 2765 1099 2791 505.
1116 2779 1151 2785 —

1266 388 1360 407 mana
1382 380 1504 408 ecclesia
1533 387 1588 408 ccc
1615 380 1707 408 libras
1731 380 1875 408 bonorum
1905 380 2106 408 denariorum
2129 380 2233 408 lucen-

1265 432 1346 459 sium
1369 436 1395 459 et
1421 431 1504 469 apud
1530 440 1580 460 nos
1604 432 1720 468 intente
1746 432 1862 461 habere.
1887 433 2107 461 Renuntiantes
2130 441 2233 469 excep-

1269 483 1345 511 tioni
1365 491 1426 511 non
1448 484 1605 511 numerati
1632 488 1657 512 et
1677 492 1738 512 non
1761 484 1854 512 soluti
1876 485 1983 521 pretii,
2009 485 2152 521 omnique
2175 484 2233 512 alii

1268 535 1367 571 legum
1384 540 1409 563 et
1424 536 1610 564 decretorum
1626 536 1746 564 auxilio
1764 536 1846 564 nobis
1863 537 1893 564 in
1909 537 1961 565 hoc
1976 537 2056 571 sacto
2068 536 2232 570 coherenti,

1268 587 1444 624 competenti
1465 592 1490 615 et
1512 588 1721 624 competitura.
1746 588 1781 615 Et
1802 588 1830 615 si
1852 596 1898 615 res
1919 587 2041 616 vendita
2062 588 2132 624 plus
2155 587 2234 616 dieto

1266 640 1364 676 pretio
1381 640 1511 674 valeret,
1537 644 1629 668 totum
1651 640 1721 676 plus
1745 640 1826 667 vobis
1847 639 2008 676 recipienti
2023 648 2078 675 pro
2100 640 2234 667 Romana

1268 692 1389 720 ecclesia
1403 692 1553 720 donamus
1564 697 1589 720 et
1605 692 1796 721 concedimus
1809 701 1897 729 pure,
1915 692 2005 720 libere
2016 696 2041 720 et
2052 692 2234 728 simpliciter

1270 745 1350 772 inter
1368 745 1458 779 rivos.
1480 749 1506 773 et
1523 749 1644 781 pactum
1671 745 1749 773 cobis
1762 745 1896 780 facimus
1912 744 1945 773 de
1968 752 2027 772 non
2047 744 2181 780 petendo,
2208 747 2235 772 et

1268 797 1437 833 spetialiter
1456 797 1672 825 renuntiamus
1690 797 1736 825 illi
1754 797 1812 832 leyi
1829 798 1894 825 Rem
1921 797 2048 834 majoris
2067 797 2162 834 pretii
2179 804 2236 832 que

1270 849 1444 877 introducta
1466 854 1506 877 est
1520 858 1575 886 pro
1593 850 1655 878 illis
1675 850 1728 886 qui
1745 850 1943 886 decipiuntur
1964 850 2047 878 ultra
2066 849 2232 877 dimidium

1265 902 1345 938 Justi
1364 902 1466 938 pretii,
1493 903 1648 930 certiorati
1668 910 1729 930 rem
1755 902 1849 938 ipsam
1866 902 1936 938 plus
1958 902 2036 930 dicto
2051 902 2146 938 pretio
2167 902 2236 929 bene

1268 954 1379 982 valere.
1400 954 1494 987 (tuam
1518 954 1705 982 medietatem
1729 955 1825 990 ipsius
1839 954 1958 990 gironis
1976 963 2043 982 cum
2062 954 2190 990 juribus
2210 957 2235 981 et

1269 1007 1457 1034 utilitatibus
1473 1007 1537 1035 suis
1555 1011 1580 1034 et
1599 1007 1788 1034 carbonariis
1812 1007 1894 1034 intus
1913 1011 1947 1034 ut
1967 1006 2082 1035 dictum
2103 1010 2144 1034 est
2162 1014 2235 1042 pro-

1269 1059 1423 1086 mittimus
1442 1067 1497 1095 per
1521 1067 1574 1086 nos
1597 1063 1771 1094 nostrosque
1796 1058 1915 1086 heredes
1937 1062 1962 1086 et
1982 1058 2163 1086 subcessores
2184 1057 2237 1086 sub

1269 1111 1450 1147 obligatione
1466 1115 1638 1138 nostrorum
1657 1110 1804 1137 bonorum
1815 1109 2002 1146 presentium
2018 1114 2043 1138 et
2056 1111 2236 1144 futurorum

1270 1163 1350 1191 cobis
1365 1162 1488 1190 domino
1504 1162 1645 1190 Alatrino
1661 1162 1826 1198 stipulanti
1841 1162 1964 1190 nomine
1983 1166 2009 1190 et
2026 1163 2089 1191 vice
2105 1163 2236 1190 Romane

1270 1215 1387 1244 ecclesie
1404 1215 1537 1251 leyitime
1559 1213 1730 1249 defendere,
1753 1214 1947 1242 auctorizare
1963 1219 1988 1242 et
2003 1214 2180 1251 disbriyare,
2201 1213 2238 1243 ab

1270 1268 1355 1296 omni
1367 1275 1495 1304 persona
1510 1267 1623 1295 nostris
1641 1267 1777 1303 empensis
1788 1277 1798 1301 ,·
1815 1267 1978 1303 omniaque
1995 1266 2128 1304 dampna
2144 1271 2169 1295 et
2185 1274 2237 1295 ex-

1266 1328 1377 1357 pensas
1392 1319 1499 1347 exinde
1512 1319 1545 1347 in
1559 1319 1646 1347 curia
1666 1319 1710 1346 vet
1724 1323 1809 1346 eJ'tra
1824 1320 1945 1347 curiam
1962 1319 2048 1347 modo
2064 1319 2169 1355 aliquo
2184 1327 2237 1348 vo-

1270 1373 1313 1401 bis
1335 1372 1535 1409 competitura
1556 1380 1612 1408 pro
1629 1372 1765 1399 Romana
1785 1371 1907 1400 ecclesia
1929 1373 2082 1400 occasione
2104 1372 2238 1408 predicte

1270 1425 1456 1453 venditionis
1487 1425 1602 1460 inteyre
1629 1423 1749 1460 reficere
1783 1428 1809 1451 et
1833 1424 1981 1452 resarcire
2005 1424 2232 1460 promittimus,

1269 1476 1415 1506 credendo
1428 1480 1453 1504 et
1468 1475 1576 1504 stando
1593 1475 1626 1504 de
1641 1476 1779 1512 expensis
1794 1480 1820 1503 et
1836 1476 1981 1512 dampnis
1997 1476 2107 1504 nuntio
2122 1476 2238 1505 ecclesie

1270 1530 1321 1557 cui
1339 1528 1478 1566 predicta
1503 1532 1597 1556 essent
1623 1528 1659 1556 ab
1683 1528 1805 1556 eeclesia
1828 1528 1962 1556 Romana
1985 1529 2161 1563 commissa,
2183 1536 2238 1557 suo

1269 1582 1406 1618 simplici
1424 1581 1510 1610 verbo
1531 1585 1652 1609 tantum
1673 1581 1739 1608 sine
1755 1581 1935 1617 juramento
1953 1585 1978 1609 et
2001 1589 2089 1609 onere
2110 1581 2238 1609 alterius

1267 1634 1468 1671 probationis.
1486 1633 1582 1666 Quam
1598 1632 1814 1667 venditionem,
1830 1632 1994 1668 dationem,
2007 1633 2236 1667 concessionem,

1270 1687 1443 1720 cessionem,
1463 1686 1695 1721 refutationem,
1714 1686 1920 1714 remissionem
1936 1707 1942 1719 ,
1962 1686 2236 1720 renuntiationem,

1267 1740 1500 1777 promissionem
1520 1743 1546 1768 et
1564 1739 1670 1767 omnia
1685 1738 1863 1775 supradicta
1885 1743 1919 1766 ut
1942 1739 1974 1766 in
1996 1739 2130 1775 singulis
2153 1739 2237 1775 capi-

1271 1792 1344 1821 tulis
1360 1792 1569 1825 continentur,
1587 1791 1801 1828 promittimus
1820 1799 1875 1827 per
1890 1799 1943 1819 nos
1958 1795 2133 1827 nostrosque
2152 1791 2238 1819 ltere-

1270 1845 1319 1873 des
1340 1849 1366 1872 et
1388 1852 1568 1872 successores
1589 1843 1668 1871 robis
1692 1843 1815 1871 domino
1840 1843 1981 1871 Alatrino
2002 1842 2167 1879 stipulanti
2183 1850 2239 1871 no-

1271 1897 1354 1925 mine
1380 1897 1511 1925 Romane
1537 1896 1655 1924 ecclesie
1684 1895 1837 1923 attendere
1866 1899 1890 1923 et
1920 1895 2086 1928 observare,
2118 1899 2143 1923 et
2178 1902 2238 1923 non

1270 1949 1483 1978 contravenire
1495 1957 1550 1985 per
1567 1956 1618 1976 nos
1640 1954 1666 1976 et
1684 1952 1801 1976 nostros
1820 1947 1940 1976 heredes
1956 1951 1982 1976 et
1998 1955 2178 1975 successores
2194 1947 2240 1976 vel

1268 2011 1323 2039 per
1344 2001 1527 2030 submissam
1554 2008 1713 2038 personam
1742 2000 1849 2036 aliqua
1873 1999 2026 2028 occasion-e
2048 2000 2094 2028 vel
2115 1999 2239 2036 ingenio

1271 2054 1350 2091 quod
1365 2054 1532 2091 effossum-i
1547 2057 1652 2090 posset,
1681 2052 1735 2080 sub
1754 2052 1935 2089 obliyatione
1957 2056 2131 2080 nostrorum
2149 2052 2240 2080 bono-

1270 2116 1342 2135 rum
1356 2106 1543 2144 presentium
1559 2110 1585 2134 et
1597 2107 1790 2141 futurorum,
1808 2113 1864 2141 que
1877 2105 2094 2133 constituimus
2107 2113 2160 2132 nos
2168 2113 2240 2142 pre-

1271 2160 1355 2188 cario
1376 2168 1431 2196 pro
1456 2160 1520 2196 ipsa
1546 2159 1681 2187 Romana
1703 2158 1826 2186 ecclesia
1847 2157 2013 2195 possidere,
2037 2162 2062 2185 et
2085 2157 2138 2185 sub
2160 2165 2240 2194 pena

1271 2221 1293 2241 M
1307 2213 1460 2241 librarum
1476 2212 1646 2240 lucensium
1658 2222 1668 2245 ,·
1685 2219 1746 2248 qua
1760 2211 1860 2239 soluta
1876 2210 1922 2238 vel
1937 2210 2097 2238 commissa
2115 2210 2161 2238 vel
2178 2218 2239 2238 non

1270 2265 1380 2298 soluta,
1397 2264 1535 2300 predicta
1551 2263 1657 2291 omnia
1673 2262 1834 2299 etsinyula
1848 2267 1880 2290 ut
1898 2262 1931 2290 in
1947 2262 2080 2298 sinyulis
2095 2262 2241 2299 capitulis

1270 2317 1412 2354 superius
1434 2316 1633 2344 continentur
1658 2316 1691 2343 in
1713 2323 1770 2343 sua
1791 2319 1936 2343 maneant
1956 2314 2115 2350 firmitate.
2138 2314 2241 2343 Salvis

1270 2370 1355 2398 nobis
1371 2374 1397 2397 et
1415 2369 1575 2397 reservatis
1585 2368 1713 2405 juribus
1732 2367 1872 2395 omnibus
1892 2375 1948 2404 que
1968 2367 2111 2395 habemus
2131 2375 2150 2396 a
2170 2375 2241 2396 car-

1271 2423 1407 2451 bonariis
1425 2422 1520 2459 ipsius
1532 2421 1652 2458 gironis
1669 2425 1756 2449 extra
1773 2429 1827 2457 per
1847 2425 1981 2448 castrum
2004 2420 2115 2449 Gualdi
2133 2424 2159 2448 et
2177 2420 2241 2449 dis-

1272 2475 1410 2508 trictum,
1431 2473 1570 2503 videlicet
1585 2474 1620 2501 in
1639 2472 1826 2508 hominibus,
1842 2473 1989 2507 servitiis,
2009 2473 2110 2508 terris,
2129 2472 2240 2509 vineis,

1271 2528 1369 2562 silvis,
1387 2527 1475 2560 casis,
1491 2526 1648 2560 casalinis,
1664 2526 1799 2562 pascuis,
1810 2525 1922 2562 pratis,
1937 2525 2112 2562 aquimolis,
2129 2526 2241 2554 molen-

1271 2581 1366 2615 dinis,
1385 2580 1527 2614 ecclesiis,
1543 2579 1706 2616 passayiis,
1727 2578 1901 2615 plazaticis,
1925 2582 1950 2606 et
1969 2578 2043 2606 aliis
2059 2578 2172 2606 nostris
2184 2578 2241 2615 ju-

1272 2634 1358 2662 ribus
1375 2632 1517 2661 omnibus
1533 2640 1588 2669 que
1604 2632 1747 2660 habemus
1763 2631 1872 2659 ibidem
1896 2639 1914 2659 a
1931 2631 2075 2668 predictis
2093 2631 2242 2660 carbona-

1274 2686 1332 2714 riis
1355 2689 1452 2718 extra,
1480 2688 1515 2712 ut
1541 2684 1647 2712 omnia
1670 2691 1724 2712 nos
1749 2687 1774 2711 et
1798 2683 1896 2711 nostri
1921 2682 2040 2711 heredes
2064 2683 2236 2718 habeamus,

1274 2744 1438 2772 teneamus,
1464 2741 1489 2765 et
1508 2736 1716 2773 possideamus
1736 2735 1860 2772 pacifice
1883 2735 1973 2764 libere
1993 2739 2019 2763 et
2038 2736 2146 2772 quiete.
2166 2736 2240 2764 Item

1271 2791 1484 2828 promittimus
1512 2789 1593 2817 vobis
1620 2788 1742 2817 domino
1765 2788 1908 2816 Alatrino
1931 2788 2091 2824 recipienti
2118 2789 2242 2817 nomine

1272 2845 1402 2873 Romane
1419 2842 1547 2876 ecclesie,
1566 2841 1619 2870 sub
1631 2841 1768 2878 predicta
1780 2848 1871 2878 pena,
1892 2848 1945 2868 nos
1958 2844 2120 2868 curaturos
2135 2845 2160 2869 et
2175 2841 2241 2876 fac-

1274 2902 1357 2925 turos
1373 2895 1452 2932 quod
1467 2903 1546 2923 uxor
1562 2895 1620 2922 mei
1635 2894 1798 2930 Ofreducii,
1813 2893 1875 2930 filii
1885 2897 1911 2921 et
1924 2892 1987 2929 filie
1999 2901 2068 2928 mee,
2087 2897 2112 2921 et
2127 2901 2242 2922 sorores

1273 2957 1334 2977 mee
1356 2947 1457 2977 Jacobi
1480 2951 1505 2975 et
1525 2955 1604 2975 uoeor
1621 2955 1687 2974 mea
1710 2946 1782 2974 huic
1806 2945 1976 2974 venditioni
1998 2949 2024 2973 et
2046 2946 2239 2980 concessioni,

147 2810 324 2835 Offi-ciluccio
339 2814 365 2835 et
377 2809 495 2843 Jacopo,
509 2811 660 2843 seigneurs
672 2810 706 2835 de
719 2810 829 2836 Gualdo
842 2810 1010 2844 (cattaneo),
1026 2811 1152 2838 vendent

149 2866 182 2883 au
201 2866 269 2890 pape
286 2857 422 2891 Gregoire
440 2857 493 2887 IX,
511 2860 675 2892 represent&
693 2867 742 2891 par
757 2859 781 2883 le
800 2862 912 2884 rectem·
930 2859 1071 2893 ΑΙιιῐι-ἰιιο,
1090 2860 1152 2885 leur

151 2910 224 2940 part,
242 2905 423 2931 ceste-dive
444 2906 468 2931 la
487 2907 597 2937 ιῃωίῑίῥ,
616 2906 652 2932 du
670 2907 790 2932 chaman
807 2906 840 2932 de
858 2906 983 2938 Guahlo,
1002 2916 1073 2942 pour
1095 2916 1151 2934 une

150 2962 259 2978 somine
276 2952 309 2977 de
326 2954 375 2978 3⁰¹]
392 2954 476 2979 lnvrcs
494 2955 668 2987 lncquoiscs.
