2392 3571
139 333 200 363 496

183 403 209 427 et
223 399 344 429 honore,
360 400 386 424 et
401 400 460 423 tam
476 395 506 422 in
522 393 664 423 vassallis
677 401 767 429 quam
784 393 816 420 in
833 392 931 426 terris,
952 392 1058 426 cineis,
1073 399 1149 427 pra-

185 451 232 484 tis,
252 448 415 480 montibus,
434 447 569 479 collibus,
585 446 740 482 planitiis,
756 445 853 479 silvis,
871 445 1004 481 pascuis,
1021 444 1111 480 aquis
1124 447 1149 471 et

185 501 424 531 comumtatibus
447 499 616 532 universis,
637 498 716 526 sicut
745 497 828 525 nobis
853 502 877 525 et
899 496 1057 524 heredibus
1080 504 1150 524 nos-

186 554 242 582 tris
256 556 426 589 competunt
440 560 494 588 pro
508 551 606 579 diviso
623 550 668 578 vel
687 549 819 578 indiviso
835 550 867 577 in
879 549 1026 586 predictis
1042 549 1151 577 castris

185 607 271 635 intus
289 610 314 633 et
331 609 416 633 esctra
433 608 457 632 et
473 612 525 640 per
542 607 634 631 totum
655 602 827 631 eorumdem
844 606 1013 630 castrorum
1034 601 1151 629 territo-

184 660 268 687 rium
289 663 313 686 et
330 657 522 691 districtum,
543 660 568 684 et
585 655 731 692 quicquid
746 663 799 683 nos
817 655 860 682 eel
875 654 938 682 alia
954 662 1082 691 persona
1096 662 1152 691 pro

184 712 270 740 nobis
287 710 321 738 dc
334 709 480 747 predictis
496 708 636 737 omnibus
652 707 841 744 possidemus
856 716 873 735 a
890 707 1023 744 presenti
1039 706 1152 735 consti-

186 765 304 792 tuimus
323 771 374 791 nos
396 761 518 790 nomine
534 761 664 789 Romane
682 760 798 789 ecclesie
810 760 972 797 possidere.
991 760 1026 787 Et
1043 759 1153 787 damus

184 820 274 852 atque
288 814 479 844 concedimus
496 813 588 842 eidem
607 813 729 841 domino
744 821 821 849 pape
838 812 960 848 suisque
975 812 1153 840 suecessori—

187 870 241 897 bus
261 869 385 897 liberam
403 871 577 904 potestatem
604 866 744 894 intrandi
761 870 785 893 et
802 865 970 902 accipiendi
991 874 1045 902 per
1062 874 1090 893 se
1108 865 1154 893 vel

182 931 238 959 per
251 925 478 958 procuratorem
496 929 587 948 suum
603 919 784 948 auctoritaie
798 919 924 955 propria
938 918 1153 954 possessionem

186 975 328 1003 omnium
351 973 557 1011 predictorum
582 977 608 1000 et
634 972 762 1000 habendi
788 971 907 999 tenendi
935 975 959 999 et
980 970 1154 1008 possidendi

185 1028 226 1056 ad
241 1036 315 1064 opus
336 1031 361 1055 ct
382 1026 545 1055 utilitatem
566 1026 696 1053 Romane
711 1025 826 1053 ecclesie
844 1025 873 1052 in
892 1028 1069 1060 perpetuum
1089 1032 1154 1051 om-

187 1081 242 1109 nia
260 1080 451 1117 supradicta,
470 1079 553 1107 salvo
566 1087 621 1115 per
636 1078 740 1105 amnia
760 1078 842 1105 nobis
862 1082 888 1105 et
908 1077 1066 1105 heredibus
1084 1085 1154 1104 nos-

188 1135 246 1163 tris
263 1137 404 1170 perpetuo
425 1132 504 1169 quod
524 1132 685 1160 universas
705 1131 900 1167 possessiones
915 1135 940 1157 et
959 1131 1033 1158 bona
1050 1134 1155 1158 nostra

187 1186 360 1215 immobilia
380 1189 464 1213 cslra
485 1184 672 1212 munitiones
689 1184 895 1220 predictorum
914 1187 1082 1211 castrorum
1100 1190 1155 1219 po-

187 1239 248 1268 sita
260 1243 285 1267 et
300 1238 436 1266 redditus
453 1237 654 1266 vassallorum
673 1241 845 1264 nostrorum
860 1244 933 1272 quos
948 1240 974 1264 et
990 1244 1045 1272 que
1062 1236 1155 1271 hujus

187 1291 389 1320 alienationis
411 1295 539 1326 tempore
557 1290 588 1317 in
613 1289 720 1317 rastris
740 1289 904 1316 habuimus
927 1288 1101 1316 memoratis
1121 1288 1156 1315 ab

189 1345 254 1382 ‘ipso
271 1344 393 1372 domino
407 1351 486 1379 papa
503 1347 528 1370 et
545 1343 679 1369 Romana
693 1342 814 1369 ecelesia
830 1341 861 1368 in
874 1341 998 1376 feudum
1014 1340 1047 1368 de
1063 1345 1156 1369 cetero

193 1403 350 1427 teneamus
372 1401 396 1424 et
420 1396 526 1423 erinde
550 1396 683 1431 ipsorum
709 1394 832 1421 rassalli
853 1395 950 1421 simus
970 1398 1112 1430 perpetuo
1131 1398 1157 1421 et

188 1450 290 1487 fideles
306 1454 331 1477 et
348 1449 390 1477 eis
404 1453 526 1485 propter
541 1448 593 1475 hijw
611 1447 783 1483 speeiieliter
795 1451 961 1483 pres-temus
977 1447 1153 1483 homayium

186 1502 354 1540 personale.
380 1501 436 1529 I'ro
460 1501 514 1527 hac
535 1504 634 1527 autem
655 1499 825 1527 venditione
840 1499 1027 1527 alienatione
1045 1504 1071 1527 et
1091 1504 1157 1528 tra—

189 1555 306 1583 ditione
332 1553 511 1589 consitemur
535 1560 584 1579 nos
612 1551 754 1587 recepisse
774 1555 799 1579 et
827 1551 963 1579 habuisse
990 1560 1007 1579 a
1034 1551 1157 1580 domino

187 1607 344 1637 Benedieto
360 1606 479 1634 domini
493 1614 568 1642 pope
582 1605 752 1632 camerario
769 1605 890 1632 nomine
907 1604 1026 1632 domini
1039 1614 1115 1642 pape
1131 1610 1157 1633 et

188 1665 215 1689 ct
236 1660 355 1688 ecclesie
377 1659 508 1687 Romane
527 1658 657 1685 solvente
677 1659 827 1694 octoginta
847 1662 980 1694 quatuor
998 1659 1091 1687 lilaras
1108 1659 1157 1687 bo-

187 1722 298 1742 norum
322 1711 574 1749 proveniensinm
596 1715 731 1745 senatus,
757 1711 790 1738 de
813 1711 922 1747 (Jnibns
946 1720 1086 1739 roeamns
1104 1720 1158 1740 nos

191 1767 260 1794 bene
276 1765 401 1801 quietos,
419 1763 587 1800 exceptioni
603 1771 664 1791 non
682 1767 839 1791 numerate
857 1764 902 1791 cet
919 1772 978 1791 non
997 1765 1092 1793 solute
1107 1774 1158 1802 pe-

187 1820 277 1848 cunie
301 1817 521 1846 renuntiando.
547 1817 580 1844 Et
598 1817 623 1843 si
640 1817 775 1853 predicta
796 1817 866 1853 plns
892 1818 1006 1852 calent,
1028 1823 1121 1846 totum
1139 1828 1157 1847 a

185 1872 320 1910 presenti
338 1871 430 1898 eidem
449 1870 571 1897 domino
589 1879 663 1906 pape
679 1874 704 1897 et
727 1870 857 1898 Romane
872 1871 990 1899 ecclesie
1008 1871 1159 1899 donamus

189 1929 215 1953 et
235 1924 426 1952 concedimus
445 1923 534 1950 libere
557 1923 587 1950 in
610 1927 801 1959 perpetuum.
823 1923 878 1951 I’ro
895 1924 1003 1959 quihus
1019 1925 1158 1953 omnibns

190 1978 324 2015 firmiter
344 1982 368 2004 et
390 1976 521 2011 fideliter
542 1976 736 2003 observandis
759 1977 863 2004 omnia
881 1977 955 2004 bona
975 1982 1076 2005 nostra
1094 1987 1159 2006 mo-

191 2031 266 2058 bilia
288 2034 314 2057 et
341 2029 525 2061 immobilia,
550 2029 703 2065 presentia
725 2033 750 2056 et
772 2029 892 2064 futura,
917 2029 1010 2057 eidem
1036 2030 1160 2059 domino

187 2092 265 2120 pape
283 2087 308 2110 et
331 2083 461 2110 Romane
478 2082 594 2110 ecclesie
616 2082 786 2117 obligyamus
807 2087 832 2110 et
849 2082 948 2110 eadem
967 2088 1090 2120 propter
1108 2084 1160 2113 hoc

191 2135 364 2172 specialiter
386 2143 438 2162 nos
460 2134 495 2162 ab
520 2135 562 2162 eis
586 2135 727 2171 precario
755 2135 971 2163 constituimus
995 2136 1156 2172 possidere.

191 2188 407 2217 Renuntiando
435 2188 463 2215 in
489 2187 551 2215 hiis
569 2187 710 2215 omnibus
728 2188 814 2215 omni
828 2188 914 2224 juris
934 2189 1054 2217 (tuffilio
1069 2197 1161 2217 cano-

189 2241 255 2270 nici
270 2245 296 2269 et
314 2241 427 2275 civilis,
445 2240 658 2269 consuetudini
672 2245 698 2268 et
711 2244 834 2274 statuto,
850 2245 875 2268 et
892 2242 976 2269 omni
993 2243 1161 2279 ea'ceptioni

193 2303 249 2331 que
264 2297 382 2331 possent
398 2293 474 2321 obici
492 2297 596 2321 eontra
613 2293 853 2321 instrumentum
873 2294 919 2322 rel
933 2295 1059 2329 factum.
1075 2295 1162 2325 Hanc

191 2351 293 2374 autem
311 2345 514 2374 venditionem
541 2349 566 2372 et
591 2345 785 2373 traditionem
812 2350 836 2373 et
858 2347 964 2374 omnia
983 2348 1162 2384 supradicta

188 2407 246 2436 pro
261 2399 345 2427 nobis
359 2403 383 2426 et
399 2398 555 2425 heredibus
568 2399 681 2425 nostris
691 2403 835 2435 perpetuo
849 2400 1061 2436 promittimus
1071 2401 1161 2437 jura-

190 2456 291 2480 mento
311 2460 329 2479 a
347 2451 431 2479 nobis
447 2451 646 2487 corporaliter
663 2451 789 2488 prestito
810 2456 877 2480 rata
893 2457 918 2480 et
936 2453 1028 2488 firma
1045 2462 1162 2491 semper

190 2505 298 2533 habere
320 2509 346 2533 et
368 2505 592 2532 inviolabiliter
613 2505 769 2533 observare
791 2510 817 2533 et
839 2514 897 2533 non
918 2512 1023 2535 contra
1044 2508 1156 2543 venire,

191 2557 241 2586 sed
258 2558 285 2585 si
308 2566 380 2594 opus
405 2562 430 2585 et
452 2566 563 2586 neccsse
583 2558 677 2592 fuerit
700 2558 832 2594 lepitime
849 2558 1004 2594 defendere
1023 2560 1058 2588 ab
1076 2561 1162 2589 omni

188 2618 329 2647 persona.
350 2609 431 2642 Quod
451 2610 477 2637 si
497 2609 633 2646 predicta
658 2611 762 2638 omnio
784 2619 844 2638 non,
864 2612 1091 2641 serraverimus
1115 2614 1161 2642 vel

192 2663 322 2699 quolibet
352 2662 438 2689 modo
468 2663 642 2690 venerimus
669 2667 774 2691 contra
800 2665 964 2700 premissa,
989 2666 1160 2702 predictam

189 2715 355 2751 pecuniam
376 2715 500 2742 nomine
523 2723 597 2751 pene
622 2715 748 2752 duplam
771 2716 864 2744 eidem
891 2717 1014 2746 domino
1034 2727 1110 2755 pape
1134 2724 1160 2748 et

190 2767 322 2795 Romane
335 2767 450 2795 ecclesie
466 2776 516 2795 nos
530 2769 743 2804 promittimus
756 2769 919 2804 soluturos,
934 2775 958 2798 et
970 2779 1049 2807 pena
1061 2772 1161 2800 soluta

188 2819 325 2856 predicta
341 2820 444 2847 omnia
463 2820 684 2849 nichilominus
700 2821 790 2857 firma
805 2828 1019 2858 permaneant.

230 2872 337 2900 Actum
361 2877 401 2899 est
424 2873 476 2899 hoe
498 2873 686 2909 presentibns
710 2875 831 2902 testibus
853 2875 892 2903 ad
914 2876 967 2904 hoc
989 2877 1162 2913 specialiter

190 2924 317 2961 royatis,
335 2925 446 2952 scilieet
465 2936 473 2952 :

235 2977 359 3004 dornino
374 2977 504 3012 Roffrido
522 2979 648 3007 ostiario
664 2979 783 3008 domini
797 2989 882 3017 pape,
904 2985 990 3017 teste,-

688 327 736 355 LE
761 325 906 355 LIBER
928 323 1163 354 CENSUUM
1185 323 1240 352 DE
1265 313 1451 352 L'EGLISE
1473 321 1685 352 ROMAINE.

1310 389 1433 417 domino
1449 389 1586 417 Johanne
1602 389 1636 417 de
1653 388 1691 417 Ga
1699 389 1834 423 viniano,
1856 392 1943 423 teste,-

1310 442 1433 470 domino
1445 442 1583 470 Johanne
1599 441 1632 469 de
1648 440 1812 478 Raynaldo,
1834 445 1920 476 teste‚·

1312 494 1436 523 domino
1453 494 1583 522 Girardo
1599 493 1633 522 de
1651 494 1790 526 Paliano,
1810 498 1896 528 teste,-

1312 552 1338 576 et
1355 547 1568 576 Transmundo
1584 547 1617 575 de
1636 547 1750 581 Tincto,
1768 551 1847 575 teste.

1310 601 1346 628 Et
1359 609 1408 637 esso
1425 600 1588 629 Riceardas
1605 599 1776 636 imperialis
1791 600 1860 628 aule
1875 599 2062 628 scriniarius
2077 599 2156 628 hanc
2169 601 2238 627 c'ar-

1275 658 1335 682 tam
1352 653 1462 690 scripsi
1481 657 1506 681 et
1522 653 1668 689 compleri
1685 657 1819 688 royatus.

1235 823 1467 854 CCXXXIIII.
1487 838 1524 845 —
1544 822 1693 852 CARTULA
1710 831 1912 852 VENDIT10le
1928 831 2024 852 mem
2042 833 2060 852 A
2080 823 2185 852 ΜΑΜΛ
2203 831 2242 852 nr.

1276 877 1452 906 Romanus
1473 885 1510 905 DE
1532 884 1620 905 noxls
1643 876 1741 905 Pmm
1763 885 1802 904 ET
1823 876 1978 906 MAROCTE
1999 885 2147 906 sanonum
2166 884 2241 906 suo-

1275 939 1341 959 mm
1355 930 1376 958 ¹.

1315 1049 1349 1077 In
1369 1049 1491 1076 nomine
1511 1049 1641 1083 Domini,
1661 1056 1762 1076 amen.
1779 1049 1865 1076 Anno
1883 1048 2113 1077 incarnationis
2129 1048 2244 1077 Christi

1277 1101 1440 1130 millesimo
1463 1101 1666 1129 ducentesimo
1689 1101 1839 1129 tricesimo
1856 1101 1952 1136 tertio,
1974 1101 2171 1138 pontificatus
2190 1101 2243 1130 do-

1277 1155 1359 1182 mini
1381 1154 1517 1190 Gregorii
1540 1163 1615 1191 pape
1639 1154 1712 1182 noni
1734 1162 1816 1182 anno
1838 1158 1932 1187 serm,
1958 1162 2053 1182 mense
2074 1154 2242 1190 februario,

1279 1207 1326 1236 die
1342 1207 1438 1241 nrt,
1460 1207 1627 1235 indictione
1642 1211 1734 1235 sescla.
1760 1206 1820 1244 Ego
1835 1207 1934 1235 Maria
1953 1206 1987 1235 de
2002 1207 2165 1244 Bonaqura
2181 1215 2246 1235 ma-

1281 1265 1324 1289 ter
1346 1265 1435 1297 atque
1459 1261 1602 1288 curatrix
1628 1260 1711 1288 Petri
1736 1264 1762 1288 et
1788 1260 1918 1288 Maroctc
1941 1260 2078 1296 filiorum
2107 1269 2246 1288 meorum

1278 1313 1351 1341 data
1373 1314 1414 1341 eis
1438 1313 1472 1341 in
1494 1313 1549 1341 hac
1572 1321 1603 1340 re
1628 1322 1644 1341 a
1667 1313 1805 1341 ,Iohanne
1822 1313 1926 1341 Leonis
1949 1313 2049 1347 judice
2071 1313 2197 1341 Paliani
2219 1317 2245 1341 et

1282 1366 1378 1403 ipsius
1400 1365 1515 1393 decreto
1537 1370 1562 1393 et
1588 1366 1771 1393 auctoritate
1788 1373 1889 1394 coram
1914 1366 2058 1394 Riceardo
2079 1366 2248 1394 scriniario

1278 1423 1304 1447 et
1323 1418 1445 1446 testibus
1466 1418 1686 1455 infrascriptis,
1711 1419 1768 1446 hac
1785 1418 1832 1446 die
1854 1419 1988 1455 presenti
2013 1420 2134 1447 nomine
2150 1419 2246 1448 dicto-

1278 1480 1348 1499 rum
1371 1471 1528 1498 minorum
1550 1471 1679 1507 propria
1701 1475 1726 1499 ct
1749 1475 1914 1507 spontanea
1936 1471 2090 1500 voluntate
2112 1471 2206 1500 ‘vendo
2221 1476 2247 1500 et

1279 1523 1520 1552 irrevocabiliter
1539 1524 1625 1551 trado
1642 1524 1695 1551 tibi
1718 1524 1863 1560 mayistro
1880 1524 2010 1560 Rosl'rido
2030 1525 2126 1553 Uberti
2139 1533 2246 1562 procu-

1279 1577 1396 1604 ratorio
1420 1577 1543 1604 nomine
1567 1585 1622 1614 pro
1647 1576 1768 1605 domino
1790 1585 1871 1614 papa
1897 1581 1922 1605 et
1941 1577 2160 1606 successoribus
2182 1577 2248 1606 suis

1279 1630 1442 1666 recipienti
1459 1630 1498 1658 ad
1521 1638 1594 1667 opus
1616 1634 1641 1658 et
1660 1630 1827 1658 utilitatem
1849 1630 1979 1658 Romane
1994 1630 2110 1658 ecclesie
2129 1631 2161 1658 in
2175 1639 2248 1668 per-

1276 1688 1421 1720 petuum,
1440 1683 1577 1711 videlieet
1596 1687 1684 1711 totam
1702 1687 1728 1711 et
1744 1683 1895 1719 inteqram
1912 1687 2027 1720 partem
2047 1692 2151 1712 eorum
2168 1692 2249 1713 rocce

1281 1741 1306 1764 et
1319 1736 1412 1764 castri
1428 1736 1551 1764 Paliani
1566 1740 1590 1764 et
1609 1745 1688 1764 rocce
1701 1745 1735 1764 ae
1751 1736 1845 1773 castri
1859 1736 2011 1769 Serranis,
2029 1745 2095 1764 cum
2111 1736 2250 1765 domibus

1280 1793 1307 1817 et
1323 1789 1470 1817 casalinis
1492 1789 1577 1824 infra
1597 1789 1710 1817 easdem
1734 1797 1833 1817 roccas
1849 1788 1938 1817 dictis
1951 1788 2027 1825 filiis
2043 1789 2118 1818 meis
2133 1798 2249 1827 compe-

1282 1843 1411 1871 tentibus
1428 1847 1453 1870 et
1469 1851 1535 1870 cum
1557 1843 1642 1870 omni
1659 1842 1733 1877 jure
1746 1841 1966 1879 jurisdictione
1987 1842 2097 1870 honore
2112 1842 2251 1871 dominio

1280 1901 1306 1924 et
1323 1897 1438 1925 actione
1454 1900 1553 1924 ettam
1575 1896 1604 1923 in
1625 1895 1764 1924 vassallis
1780 1904 1870 1931 qitam
1888 1895 1918 1923 in
1935 1896 2036 1929 terris,
2054 1896 2163 1929 vineis,
2178 1904 2249 1932 pra-

1283 1950 1329 1985 tis,
1350 1950 1513 1982 montibus,
1531 1949 1666 1983 collibus,
1686 1949 1782 1982 silvis,
1801 1948 1953 1985 planitiis,
1971 1949 2103 1985 pascuis,
2120 1949 2210 1985 aquis
2222 1953 2249 1977 et

1281 2002 1522 2031 comunilatibus
1546 2001 1714 2032 universis.
1741 2001 1820 2029 sicut
1844 2001 1953 2029 eisdem
1975 2001 2148 2029 minoribus
2168 2010 2249 2030 eom-

1279 2059 1387 2094 petunt
1406 2064 1462 2092 pro
1484 2055 1583 2083 diviso
1608 2054 1651 2083 vel
1670 2054 1806 2082 indiviso
1824 2055 1859 2082 in
1879 2054 2025 2090 predictis
2042 2055 2150 2082 castris
2166 2054 2250 2082 intus

1281 2114 1307 2138 et
1321 2113 1407 2137 extra
1423 2113 1448 2137 et
1462 2117 1518 2146 per
1533 2112 1629 2137 totum
1645 2107 1818 2136 eorumdem
1832 2112 2002 2136 castrorum
2017 2107 2211 2136 territorium
2223 2111 2250 2136 et

1282 2163 1470 2191 districtum.
1492 2162 1526 2190 Et
1545 2161 1692 2198 quicquid
1714 2161 1790 2189 dicti
1814 2162 1947 2189 minores
1969 2161 2015 2189 vel
2034 2161 2099 2190 alia
2119 2169 2249 2198 persona

1280 2225 1337 2254 pro
1359 2216 1400 2244 eis
1421 2215 1454 2244 de
1483 2215 1626 2252 predictis
1648 2214 1789 2243 omnibus
1808 2214 1960 2251 possident
1981 2223 1999 2242 a
2020 2214 2154 2251 presenti
2178 2222 2250 2242 con-

1283 2270 1377 2298 stituo
1405 2269 1483 2305 ipsos
1506 2269 1630 2297 nominc
1653 2269 1783 2296 Romane
1809 2267 1926 2296 ecclesie
1949 2267 2109 2304 possidere.
2135 2267 2171 2295 Et
2194 2275 2250 2295 no-

1284 2323 1367 2350 mine
1390 2321 1539 2349 dictorum
1565 2321 1724 2349 minorum
1747 2329 1765 2348 a
1786 2320 1919 2357 presenti
1941 2319 1976 2347 do
1995 2324 2021 2347 et
2044 2319 2169 2348 concedo
2189 2319 2251 2356 ipsi

1285 2375 1408 2403 domino
1436 2382 1511 2410 pape
1536 2378 1561 2401 et
1589 2373 1807 2402 successoribus
1834 2373 1899 2400 suis
1922 2373 2049 2400 liberam
2076 2376 2249 2408 potestatem

1282 2427 1425 2456 intrandi
1452 2431 1477 2455 et
1504 2426 1674 2463 accipiendi
1700 2434 1755 2462 per
1778 2434 1806 2453 se
1834 2425 1880 2453 vel
1902 2429 2131 2462 procuratorem
2158 2432 2249 2452 suum

1284 2481 1465 2510 auctoritate
1487 2480 1615 2517 propria
1640 2478 1854 2515 possessionem
1881 2477 2019 2505 omnium
2043 2477 2250 2514 predictorum

1282 2538 1308 2562 et
1336 2533 1465 2562 habendi
1497 2532 1618 2561 tenendi
1643 2531 1817 2569 possidendi
1854 2530 1893 2559 ad
1923 2539 1997 2567 opus
2030 2534 2055 2558 et
2084 2530 2251 2558 utilitatem

1282 2588 1413 2616 Romane
1432 2585 1548 2614 ecclesie.
1572 2585 1605 2613 in
1629 2588 1805 2621 perpetuum
1829 2583 1934 2612 omnia
1956 2583 2144 2620 supradicta,
2166 2583 2252 2612 salvo

1280 2649 1336 2678 per
1352 2640 1457 2668 omnia
1474 2639 1563 2667 dictis
1579 2637 1752 2666 minoribus
1770 2641 1795 2665 et
1811 2636 1968 2665 heredibus
1986 2644 2091 2664 eorum
2109 2639 2252 2672 perpetuo

1285 2693 1364 2730 quod
1386 2693 1549 2721 universas
1574 2690 1770 2728 possessiones
1797 2694 1822 2718 et
1850 2689 1926 2717 bona
1951 2697 2055 2717 eorum
2081 2687 2252 2716 immobilia

1282 2891 1306 2916 ¹1.
1324 2890 1358 2916 26
1377 2889 1481 2916 few-ier
1499 2889 1576 2916 1233.
1596 2902 1631 2908 —
1651 2887 1743 2913 Meme
1764 2886 1895 2918 cession,
1920 2885 1954 2912 de
1975 2885 2001 2911 la
2025 2887 2087 2919 part
2110 2883 2144 2909 de
2163 2883 2252 2909 Mai-ie

1244 2938 1417 2973 Bonagura,
1441 2947 1475 2963 au
1501 2945 1566 2963 nom
1591 2937 1626 2962 de
1651 2943 1699 2962 ses
1722 2935 1835 2961 enfants
1855 2934 1998 2965 mineurs,
2026 2933 2121 2959 pierre
2145 2935 2173 2958 et
2196 2931 2254 2957 Ma-

1244 2990 1340 3022 rocta,
1359 2995 1430 3022 pour
1447 2986 1481 3012 20
1498 2986 1594 3012 livres.
