2392 3571
145 345 202 376 570
689 340 738 369 LE
763 339 905 369 LIBER
928 336 1160 368 CENSUUM
1183 336 1237 365 DE
1260 326 1446 365 L'EGLISE
1468 335 1677 365 ROMAINE.

184 412 257 439 mine
273 418 321 445 pro
337 409 451 435 domino
468 416 538 442 papa
554 411 582 433 et
597 406 816 432 successoribus
833 406 895 432 suis
911 405 943 432 ad
961 414 1034 440 opus
1049 408 1077 430 et
1094 404 1143 430 uti-

183 462 288 486 litatem
306 458 434 484 Romane
449 456 569 482 ecclesie
587 456 811 489 imperpetuum,
831 454 963 480 videlicet
979 453 1072 479 omnia
1088 461 1144 487 que

183 509 267 535 habet
280 508 306 533 in
326 507 416 532 roccis
431 510 458 531 et
474 504 577 531 castris
596 504 700 529 Paliani
721 508 748 529 et
764 504 911 535 Serronis,
929 511 993 529 cum
1010 502 1143 528 domibus

182 562 210 584 et
226 556 360 583 casalinis
376 554 446 580 infra
462 562 560 579 roccas
577 556 604 579 et
624 558 717 579 eastra
739 552 836 578 eadem
856 552 889 578 ad
913 553 1001 586 ipsam
1026 554 1054 577 et
1074 558 1144 577 suos

183 605 302 632 heredes
319 603 537 638 pertinentibus,
555 606 581 628 et
598 610 661 627 cum
679 601 755 627 omni
773 602 849 635 jure,
863 601 1075 635 jurisdictione,
1093 608 1143 626 ac-

182 656 274 685 tione,
301 654 447 682 districtu,
474 651 600 677 dominio
625 655 653 676 et
678 651 802 681 honore;
829 656 857 677 et
880 655 935 676 tam
961 650 988 676 in
1014 650 1144 676 vassallis

183 713 266 739 quam
285 704 310 729 in
328 702 420 731 terris,
443 701 544 731 vineis
563 700 661 734 pratis,
679 700 834 730 montibus,
852 699 984 730 collibus,
1003 698 1142 732 planiciis,

181 754 276 783 silvis,
305 751 435 786 pascuis,
467 749 564 783 aquis,
590 748 844 775 communitatibus
871 752 899 774 et
923 749 986 774 aliis
1010 747 1144 773 omnibus

183 802 335 831 universis.
354 800 429 827 sicut
451 799 576 833 predicte
597 798 712 824 dominc
727 803 754 824 et
778 798 931 824 heredibus
951 798 1013 824 suis
1028 805 1144 831 compe-

183 855 247 878 tunt
264 851 304 876 vel
323 850 463 884 pertinent
481 856 531 882 pro
548 847 640 873 diviso
657 847 698 873 vel
716 847 849 879 indiviso,
867 846 950 872 tacite
967 847 1009 872 vel
1026 854 1145 880 expres-

182 902 247 930 sim.
266 900 293 925 in
312 897 447 932 predictis
464 896 567 922 castris
583 896 662 921 intus
677 899 705 921 et
720 899 798 921 extra
815 899 843 921 et
860 904 909 929 per
923 898 1012 920 totum
1030 903 1144 921 eorum-

181 950 245 975 dem
262 952 421 974 castrorum
439 945 612 971 territorium
630 948 658 970 et
673 944 852 976 districtum,
876 948 903 970 et
923 943 1059 977 quicquid
1083 943 1144 977 ipsa

181 998 225 1024 vel
240 997 293 1023 alia
310 1003 431 1031 persona
449 1002 498 1029 pro
515 994 577 1028 ipsa
593 993 628 1019 de
642 993 779 1028 predictis
794 992 928 1019 omnibus
945 992 1082 1026 possidet,
1100 995 1145 1017 to-

180 1051 240 1073 tum
258 1055 272 1071 a
290 1044 413 1079 presenti
431 1043 545 1069 nomine
565 1042 672 1068 domini
689 1050 760 1076 pape
780 1045 807 1067 ct
829 1041 950 1067 ecclesie
969 1041 1098 1066 Romane
1114 1049 1145 1066 se

182 1094 331 1130 possidere
352 1091 516 1122 constitnit,
540 1095 568 1117 et
588 1091 666 1117 dedit
685 1094 770 1124 atque
791 1090 937 1116 concessit
954 1090 1007 1123 ipsi
1030 1089 1145 1115 domino

181 1143 338 1171 camerario
363 1149 412 1176 pro
435 1141 550 1166 domino
577 1148 646 1174 papa
672 1143 699 1165 et
725 1139 853 1165 Romana
878 1139 999 1164 ecclesia
1027 1138 1144 1163 liberam

183 1195 352 1228 potestatem
371 1189 492 1216 intrandi
509 1192 537 1214 et
559 1187 716 1222 accipiendi
741 1197 790 1222 per
805 1196 835 1213 50
852 1187 895 1212 vel
913 1196 962 1222 per
977 1195 1061 1212 suum
1079 1195 1144 1220 pro-

183 1245 344 1269 curatorem
366 1239 534 1265 auctoritate
555 1237 667 1271 propria
688 1236 900 1271 possessionem
926 1236 1052 1261 omnium
1079 1243 1145 1269 pre-

182 1292 333 1319 dictorum,
352 1292 379 1314 et
396 1287 528 1319 habendi,
542 1286 668 1315 tenendi,
686 1285 1041 1319 1111011111.1101111111111111101
1057 1284 1146 1318 possi—

183 1339 265 1366 dendi
283 1339 316 1364 ad
333 1346 406 1372 opus
422 1340 450 1362 01
467 1336 615 1362 utilitatem
639 1335 767 1361 Romane
790 1334 911 1360 ecclesie
934 1334 1144 1368 imperpetuum

182 1389 276 1414 omnia
292 1385 471 1421 supradic1a3
485 1393 537 1410 nec
554 1392 607 1409 non
625 1384 713 1409 005511
728 1388 755 1408 01
769 1383 910 1408 mandavit
922 1382 1013 1408 eidem
1030 1382 1145 1407 domino

181 1436 337 1463 camerario
355 1442 403 1468 pro
424 1433 538 1458 domino
561 1441 630 1466 papa
648 1436 674 1457 01
697 1432 817 1457 eccli-sia
836 1431 963 1457 Romana
979 1438 1080 1456 omnes
1098 1439 1144 1456 ac-

181 1487 274 1511 tiones
298 1483 388 1509 reales
413 1487 440 1507 et
467 1481 641 1516 personales,
671 1480 753 1506 utiles
777 1485 802 1505 et
825 1480 957 1508 directas,
980 1480 1079 1505 tacitas
1103 1478 1146 1504 vel

180 1540 347 1566 expressas,
372 1531 426 1565 ipsi
445 1530 558 1555 domine
582 1530 624 1554 vel
647 1529 709 1554 suis
733 1528 886 1553 heredibus
907 1528 1001 1562 aliquo
1018 1532 1146 1562 tempore

180 1584 377 1616 competentes
394 1579 436 1605 vel
453 1579 674 1612 competituras:
692 1577 770 1603 salvo
784 1577 936 1611 peromnia
950 1577 1145 1611 prenominate

182 1631 294 1657 domine
311 1633 339 1655 et
354 1629 416 1654 suis
432 1626 584 1653 heredibus
609 1629 745 1660 perpetuo
766 1625 840 1659 1111011
859 1626 1010 1651 universas
1030 1633 1146 1659 posses-

180 1681 278 1706 siones
300 1681 328 1703 et
353 1677 448 1702 omnia
470 1675 623 1701 immobilia
647 1678 724 1700 extra
749 1674 929 1700 municiones
953 1674 1145 1708 predictorum

181 1731 341 1755 castrorum
359 1725 460 1759 posita,
479 1724 681 1758 possessiones
693 1726 720 1749 et
732 1723 861 1748 redditus
878 1723 1064 1748 vassallorum
1081 1730 1146 1749 suo-

181 1785 255 1809 rum,
274 1782 346 1809 quos
366 1778 393 1799 et
414 1781 469 1807 que
490 1773 523 1798 ab
545 1772 632 1806 hujus
652 1771 832 1797 alienationis
857 1776 984 1805 tempore
1000 1771 1027 1797 in
1044 1772 1146 1798 castris

182 1825 322 1851 habuerat
338 1821 514 1854 memoratis,
532 1830 546 1846 a
562 1820 676 1846 domino
701 1829 771 1855 papa
792 1824 818 1845 et
842 1820 903 1845 suis
925 1821 1146 1847 successoribus

183 1876 210 1900 in
228 1873 342 1899 seudum
360 1872 393 1897 de
416 1875 510 1896 cetero
535 1874 649 1895 teneant
671 1873 698 1895 et
722 1869 825 1895 exinde
843 1870 934 1903 ipsius
949 1869 1057 1895 domini
1077 1878 1146 1904 pape

182 1927 210 1949 et
228 1922 356 1948 Romane
369 1919 491 1945 ecclesie
510 1919 622 1944 vassalli
639 1919 696 1944 sint
719 1922 857 1952 perpetuo
881 1922 909 1944 et
932 1918 1043 1947 fideles.
1062 1923 1089 1943 et
1105 1918 1147 1944 eis

183 1976 297 2007 propter
315 1971 368 1996 1100
392 1972 519 2004 prestent
542 1968 704 2002 specialiter
726 1968 889 2001 homagium
915 1968 1073 2001 personale.
1095 1967 1147 1994 Pro

183 2030 238 2055 qua
256 2019 417 2045 venditione
436 2022 461 2043 et
480 2018 635 2043 tradicione
659 2018 766 2051 recepit
785 2021 812 2042 ct
836 2017 932 2042 habuit
953 2016 1067 2042 domina
1084 2025 1147 2051 pre-

183 2070 258 2095 dicta
274 2078 289 2094 a
309 2067 423 2093 1101111110
445 2066 601 2092 camerario
622 2066 757 2099 superius
780 2069 934 2091 memorato
959 2066 1073 2091 nomine
1097 2065 1146 2091 ‹lo-

185 2119 253 2144 1111111
276 2125 346 2151 pape
367 2120 394 2142 et
415 2115 537 2141 ecclesie
561 2114 688 2140 Romane
712 2114 840 2139 solvente
857 2117 971 2140 centum
989 2118 1015 2140 et
1032 2114 1147 2148 triginta

184 2166 359 2196 110511111115,
377 2168 487 2197 septem
509 2163 617 2188 solidos
639 2163 733 2188 minus
754 2167 877 2196 quatuor
898 2162 1078 2188 denariorum
1097 2163 1147 2188 bo—

186 2223 286 2241 norum
305 2212 535 2248 proveniensium
554 2215 686 2241 senatns;
708 2212 742 2237 de
763 2211 869 2245 quibus
886 2219 917 2236 se
934 2211 1005 2237 bene
1023 2211 1147 2245 quietam

184 2269 212 2290 et
229 2266 355 2298 pacatam
372 2261 494 2293 vocavit,
512 2261 672 2294 exceptioni
695 2268 749 2285 non
769 2260 861 2285 solute
885 2264 913 2285 et
929 2268 982 2285 non
1002 2264 1149 2286 numerate

186 2313 240 2339 sibi
258 2310 379 2346 pecunie
395 2309 606 2335 renunciando:
629 2314 655 2334 et
679 2309 701 2334 51
723 2309 848 2342 predicta
866 2309 928 2343 plus
944 2309 1037 2334 valent
1054 2310 1149 2343 precio

186 2361 361 2395 supradicto,
380 2362 470 2384 totum
488 2367 502 2383 a
519 2358 643 2392 presenti
661 2357 751 2384 eidem
768 2357 883 2383 domino
896 2366 967 2392 pape
983 2357 1016 2383 ad
1033 2366 1106 2392 opus
1123 2362 1151 2384 et

187 2410 336 2436 utilitatem
359 2408 485 2433 Romane
503 2406 626 2432 ecclesie
644 2406 720 2432 dedit
737 2411 763 2432 01
780 2406 924 2431 concessit
940 2406 1027 2432 libere
1043 2406 1149 2441 imper-

186 2463 313 2493 petuum.
334 2456 387 2482 Pro
404 2456 509 2489 quihus
525 2455 659 2480 omnibus
675 2454 865 2480 observandis
881 2454 998 2480 firmiter
1015 2459 1041 2480 et
1059 2455 1151 2489 plena-

187 2507 227 2533 rie
245 2504 434 2539 adimplendis
450 2504 544 2529 omnia
561 2504 634 2529 bona
650 2512 711 2533 sna,
731 2504 844 2529 mobilia
862 2508 889 2529 01
905 2503 1070 2533 immobilia,
1086 2512 1150 2538 pre-

187 2555 280 2581 sentia
304 2558 331 2579 et
356 2553 460 2583 futura,
487 2552 576 2577 eidem
602 2552 716 2577 domino
735 2560 806 2586 pape
826 2556 853 2577 et
878 2551 1005 2577 Romane
1029 2553 1150 2578 ecclesie

188 2603 335 2637 obligavit,
352 2606 380 2627 et
395 2601 492 2627 eadem
511 2606 624 2634 propter
641 2601 693 2626 1100
711 2601 872 2634 speci->iliter
889 2601 1016 2634 ipsorum
1037 2600 1150 2626 nomine

187 2661 218 2678 se
237 2650 387 2677 constituit
402 2649 561 2683 possidere.
580 2648 786 2674 Renunciando
803 2650 829 2674 in
846 2649 900 2674 hiis
912 2649 1045 2675 omnibus
1058 2658 1107 2683 pro
1120 2657 1150 2675 50

188 2705 215 2727 01
232 2701 294 2726 51115
309 2698 461 2725 heredibus
477 2698 553 2723 omni
566 2698 641 2731 juris
657 2697 762 2723 auxilio
777 2698 905 2723 canonici
921 2700 948 2723 et
963 2697 1065 2728 civilis,
1083 2706 1152 2724 con-

189 2749 335 2777 suetudini
351 2753 378 2774 et
394 2752 516 2778 statuto,
534 2752 561 2772 et
576 2747 653 2772 omni
669 2747 783 2777 actioni,
801 2746 973 2781 exceptioni,
990 2747 1151 2773 defensioni

188 2803 216 2825 et
233 2799 271 2824 rei
287 2806 341 2831 que.
358 2800 456 2822 contra
472 2796 525 2821 boc
550 2799 669 2829 possent
691 2795 765 2821 obici
790 2795 1013 2820 instrumentum
1032 2795 1074 2820 vel
1091 2795 1152 2822 fac-

190 2852 260 2873 tum.
278 2846 358 2871 Hanc
379 2850 473 2871 autem
495 2844 709 2876 vendicionem,
734 2843 919 2869 tradicionem
940 2847 967 2869 et
987 2845 1081 2870 onmia
1099 2852 1152 2870 su-

192 2895 317 2929 pradicta
341 2894 424 2919 tactis
448 2893 640 2919 sacrosanctis
663 2892 820 2926 evangeliis
839 2893 947 2926 juravit
968 2896 996 2918 et
1022 2893 1154 2927 promisit

191 2943 304 2969 domina
322 2941 445 2975 predicta
463 2944 520 2966 rata
543 2948 656 2974 semper
672 2944 699 2965 et
716 2940 795 2965 firma
812 2940 916 2965 habere
936 2944 964 2966 et
983 2948 1036 2966 non
1055 2944 1154 2967 contra

192 2992 288 3017 venire
317 2991 525 3024 imperpetuum
555 2997 604 3023 per
635 2997 666 3014 se
697 2989 739 3014 vel
768 2989 967 3023 interpositam
1002 2997 1153 3024 personam

1262 402 1345 428 modo
1361 402 1470 436 aliquo,
1488 401 1586 428 fraude
1603 402 1644 427 vel
1667 401 1783 436 ingenio
1806 409 1857 427 seu
1880 404 2011 435 pretextu
2033 400 2155 434 alietiJus
2174 408 2227 427 ex-

1261 450 1402 484 ceptionis
1419 451 1610 483 competentis
1630 450 1685 476 sibi
1705 457 1781 476 nnnc
1804 449 1847 475 vel
1872 449 2058 484 imposterum
2085 449 2227 483 competi-

1261 504 1341 530 ture;
1358 502 1386 525 et
1402 499 1476 532 qnod
1494 499 1620 533 predicta
1636 499 1731 524 omnia
1746 498 1830 524 alicui
1848 506 1902 524 non
1920 497 2047 524 vendidit
2063 505 2115 524 nec
2131 497 2165 523 de
2180 498 2226 532 ip-

1260 548 1303 575 sis
1319 556 1383 574 cum
1396 548 1491 582 aliquo
1503 551 1681 574 contractum
1694 547 1761 573 fecit
1775 555 1827 573 nec
1838 547 1954 573 donavit
1967 547 2011 573 vel
2024 546 2227 581 impignoravit

1261 597 1304 623 vel
1325 597 1350 623 in
1368 597 1491 631 aliquem
1508 597 1653 623 transtulit
1674 596 1756 622 titulo
1777 596 1901 630 alicujus
1921 596 2116 628 alienationis3
2133 595 2183 621 scd
2199 595 2225 622 si

1261 654 1335 680 opus
1350 646 1388 672 sit
1403 650 1431 672 et
1448 654 1576 679 necesse,
1596 645 1725 679 promisit
1742 653 1791 679 per
1804 644 1996 680 juramentum
2013 645 2108 670 omnia
2124 652 2229 679 supra-

1261 694 1336 720 dicta
1351 694 1478 727 legitime
1494 693 1645 720 defendere
1661 693 1695 719 ab
1713 693 1790 719 omni
1807 701 1929 728 persona
1946 693 2105 719 molestiam
2121 692 2165 718 vel
2177 700 2225 718 ca-

1261 743 1417 777 lumpniam
1435 743 1566 769 faciente,
1584 743 1614 768 Si
1631 751 1697 768 vero
1720 741 1845 776 predicta
1865 742 1960 768 omnia
1979 741 2014 767 ab
2031 742 2093 776 ipsa
2110 741 2225 767 domina

1261 796 1289 818 et
1305 793 1366 818 suis
1383 792 1536 818 heredibus
1554 800 1608 818 non
1633 791 1738 818 suerint
1759 795 1897 826 perpetuo
1915 791 2065 817 observata
2082 790 2126 816 vel
2141 789 2227 816 modo

1261 841 1388 875 quolibet
1405 841 1519 866 venient
1540 844 1639 866 contra
1656 841 1811 875 promissa⁷
1835 839 1988 874 predictam
2007 839 2156 874 pecuniam
2173 846 2228 865 no-

1262 890 1337 915 mine
1354 898 1426 924 pene
1442 889 1554 923 duplam
1572 889 1664 915 eidem
1682 889 1797 915 domino
1821 896 1892 923 pape
1913 892 1941 914 et
1961 887 2089 914 Romane
2105 886 2228 914 ecclesie

1263 947 1294 964 se
1309 939 1465 964 soluturam
1484 938 1633 972 sollempni
1655 937 1839 972 stipulatione
1863 937 2012 971 promisit,
2036 940 2063 963 et
2084 945 2157 971 pena
2177 944 2228 963 so-

1262 987 1321 1013 luta
1344 988 1431 1021 hujus
1456 987 1635 1012 vendicionis
1658 990 1686 1012 et
1706 985 1874 1012 tradicionis
1895 988 2061 1012 contractus
2084 988 2112 1011 et
2132 984 2227 1011 omnia

1263 1036 1426 1070 supradicta
1441 1036 1467 1061 in
1485 1043 1535 1061 sua
1554 1035 1758 1061 nichilominus
1771 1034 1905 1060 firmitate·
1919 1033 2075 1068 persistent
2087 1034 2105 1059 ¹.

1300 1084 1440 1110 Dominus
1466 1083 1628 1109 Alexander
1653 1082 1772 1108 maritus
1795 1082 1909 1108 domine
1932 1081 2057 1115 predicte
2082 1090 2137 1108 una
2162 1089 2228 1108 cum

1263 1133 1387 1158 dominis
1403 1132 1534 1157 ι1011011110
1551 1135 1578 1156 01
1593 1131 1692 1157 0110110
1709 1130 1774 1156 filiis
1790 1129 1956 1156 eorumdem
1972 1129 2149 1162 vendicioni,
2169 1133 2229 1156 tra-

1263 1181 1368 1207 dicioni
1382 1184 1409 1206 et
1425 1179 1559 1205 omnibus
1580 1178 1762 1213 supradictis,
1783 1178 1869 1204 libera
1885 1182 1912 1204 et
1929 1182 2085 1213 spontanea
2100 1178 2229 1213 ipsorum

1264 1231 1408 1256 voluntate
1432 1229 1658 1262 consentientes,
1683 1228 1926 1254 renunciaverunt
1948 1227 2082 1254 omnibus
2100 1227 2228 1262 juribus,

1263 1279 1424 1305 actionibus
1436 1282 1464 1304 et
1475 1277 1695 1312 exceptionibus
1711 1277 1781 1312 ipsis
1795 1277 1890 1311 aliquo
1905 1281 2032 1311 tempore
2049 1277 2075 1303 in
2094 1276 2230 1312 predictis

1263 1327 1494 1361 competentibus
1510 1330 1538 1352 et
1553 1326 1769 1360 competunt-is,
1792 1326 1990 1360 promittentes
2012 1334 2061 1359 pro
2077 1333 2108 1351 50
2124 1329 2152 1350 01
2167 1324 2230 1351 51115

1264 1376 1418 1402 heredibus
1436 1380 1574 1410 perpetuo
1591 1375 1788 1401 vendicionem
1807 1376 1896 1409 ipsam
1915 1378 2000 1400 ratam
2018 1378 2045 1399 et
2060 1374 2169 1400 firmam
2184 1373 2231 1399 ha-

1263 1425 1330 1451 bere
1357 1429 1384 1451 et
1409 1429 1507 1450 contra
1535 1433 1589 1450 non
1619 1424 1715 1450 venire
1745 1423 1798 1449 sub
1832 1432 1903 1458 pena
1931 1422 2069 1457 predicta,
2094 1430 2178 1456 quam
2204 1421 2229 1448 si

1263 1478 1361 1500 contra
1378 1474 1504 1499 facerent
1525 1473 1615 1499 eidem
1635 1472 1749 1498 domino
1768 1480 1838 1506 pape
1858 1475 1886 1497 et
1906 1471 2036 1497 Romane
2059 1471 2180 1496 ecclesie
2198 1478 2230 1497 se

1264 1522 1381 1548 daturos
1399 1522 1601 1556 promiserunt,
1614 1525 1641 1547 et
1659 1529 1729 1556 pena
1746 1521 1839 1546 soluta
1853 1520 1948 1546 omnia
1960 1519 2123 1554 supradicta
2141 1519 2230 1545 nichi-

1264 1571 1388 1597 lominus
1409 1571 1490 1597 firma
1515 1574 1543 1596 et
1569 1570 1674 1596 illibata
1697 1572 1892 1604 permaneant.
1917 1567 1983 1602 Ipse
2006 1576 2073 1593 vero
2095 1567 2230 1594 dominus

1264 1619 1427 1646 Alexander
1443 1628 1507 1645 cum
1525 1619 1609 1645 (lictis
1625 1618 1691 1644 filiis
1706 1618 1768 1644 suis
1786 1619 1957 1652 juraverunt
1973 1616 2057 1642 tactis
2076 1615 2232 1651 corporali-

1264 1673 1306 1695 ter
1322 1668 1515 1695 sacrosanctis
1531 1667 1688 1702 evangeliis
1704 1667 1819 1693 domino
1836 1674 1907 1700 pape
1923 1669 1951 1691 et
1966 1665 2087 1691 ecclesie
2101 1664 2232 1691 Romane

1265 1721 1380 1752 propter
1410 1717 1464 1743 hoc
1493 1716 1656 1743 fidelitatem
1686 1720 1713 1741 et
1742 1715 1908 1748 homagium
1934 1713 2092 1748 personale.
2123 1713 2230 1739 Actum

1264 1766 1397 1799 Anagnie
1420 1765 1448 1791 in
1473 1765 1579 1800 palacio
1602 1764 1699 1790 Sancti
1724 1763 1839 1797 Angeli.
1857 1761 1948 1797 Cujus
1965 1761 2005 1787 rei
2027 1765 2116 1787 testes
2139 1761 2231 1795 rogati

1264 1815 1456 1841 interfuerunt
1475 1826 1479 1840 :

1300 1863 1434 1889 dominus
1450 1862 1614 1896 Stephanus
1636 1861 1799 1894 capellanus
1820 1859 1926 1885 domini
1949 1867 2020 1894 pape
2041 1858 2124 1884 testis
2145 1866 2229 1892 roga-

1264 1916 1312 1938 tus
1328 1915 1387 1939 est:

1301 1959 1624 1986 dominns'l'heobaldus
1637 1958 1753 1984 Berardi
1764 1957 1798 1984 de
1810 1958 1939 1991 Anagnia
1949 1957 2031 1983 testis
2044 1960 2160 1990 rogatus
2171 1959 2230 1987 est;

1301 2010 1435 2034 dominus
1450 2008 1512 2035 Odo
1532 2007 1640 2034 domini
1663 2007 1791 2034 Gnalteri
1813 2006 1847 2031 de
1864 2005 1997 2039 Anagnia
2014 2005 2097 2031 testis
2113 2008 2232 2038 rogatus

1265 2062 1309 2084 est
1322 2068 1327 2089 3

1301 2108 1435 2133 dominus
1450 2107 1603 2133 Odorisins
1622 2106 1740 2132 Pinctus
1757 2105 1790 2130 111-
1808 2105 1921 2131 paliano
1938 2104 2021 2130 testis
2038 2106 2156 2137 rogatus
2171 2106 2232 2133 est;

1302 2156 1459 2182 Massarius
1477 2159 1616 2182 mercator
1633 2154 1770 2180 Senensis
1788 2154 1870 2180 testis
1883 2156 2002 2183 roy-ratus
2017 2157 2076 2183 est;

1304 2205 1454 2239 Philippus
1465 2205 1596 2230 serviens
1613 2204 1719 2229 domini
1737 2210 1807 2237 pape
1824 2203 1906 2228 testis
1923 2206 2040 2235 rogatus
2056 2204 2116 2233 est;

1302 2258 1330 2280 et
1347 2254 1500 2280 Pei-ulinus
1513 2253 1645 2279 serviens
1659 2252 1766 2278 domini
1785 2259 1854 2285 pape
1874 2251 1955 2276 testis
1973 2254 2089 2283 rogatus
2103 2252 2156 2274 est.

1303 2303 1334 2329 1⁴12
1350 2312 1403 2335 ego
1419 2302 1544 2331 bandus,
1563 2301 1700 2335 imperiali
1723 2300 1892 2326 auctoritate
1909 2299 2080 2325 scriniarius
2096 2297 2234 2332 predictis

1266 2351 1383 2378 interfui
1398 2355 1426 2377 et
1441 2350 1475 2376 de
1491 2358 1636 2376 consensu
1655 2349 1805 2382 utriusque
1824 2349 1911 2382 partis
1929 2352 2046 2381 rogatus
2063 2346 2177 2380 scripsi.

1235 2491 1392 2528 [CCCXIlJ.
1422 2507 1454 2511 —
1483 2492 1555 2518 Atia
1582 2498 1708 2517 venemo
1737 2499 1820 2516 mem
1848 2498 1897 2515 ren
1925 2489 2071 2515 Gumonum
2098 2487 2234 2514 Jomnms

1268 2542 1394 2569 Rotam
1416 2551 1450 2568 ns
1470 2549 1560 2568 1100015
1582 2549 1614 2566 ΕΤ
1633 2548 1741 2566 01511115
1765 2539 1877 2565 ΡΑιιΑκι
1900 2548 1931 2565 ET
1952 2538 2087 2564 Sannoxis
2097 2538 2118 2563 ².

1303 2639 1333 2665 In
1347 2639 1461 2665 nomine
1473 2638 1580 2664 domini
1593 2638 1682 2663 nostri
1692 2636 1762 2662 Jesn
1774 2636 1891 2667 Christi⁷
1903 2643 1995 2661 amen.
2009 2635 2093 2660 Anno
2102 2635 2126 2668 ej
2133 2633 2233 2660 iisdem

1270 2794 1294 2819 l.
1313 2794 1375 2820 Cod.
1394 2792 1562 2827 persistens.

1270 2842 1296 2868 2³.
1313 2842 1437 2876 Anagni,
1456 2842 1469 2867 7
1487 2841 1590 2867 sevrier
1609 2840 1684 2867 1236.
1702 2855 1735 2859 —
1752 2839 1898 2871 Mnratori,
1916 2839 1992 2871 Ant„
2009 2842 2029 2865 t.
2045 2837 2068 2868 I,
2086 2845 2112 2871 p.
2126 2836 2184 2863 70¹.
2199 2849 2236 2856 —

1234 2891 1339 2922 Guido,
1356 2891 1469 2925 citoyen
1486 2890 1641 2924 d'Anagni,
1656 2888 1729 2914 vend
1746 2896 1780 2913 au
1798 2886 1990 2920 Sami-siege,
2006 2887 2170 2920 represents}
2186 2893 2236 2919 par

1234 2941 1307 2967 frere
1321 2939 1457 2970 Thomas,
1472 2938 1609 2965 camerier
1621 2938 1655 2963 de
1669 2937 1806 2970 Gregoire
1821 2935 1875 2969 IX,
1890 2944 1938 2961 505
1952 2935 2042 2961 1110115
2055 2942 2106 2961 sur
2120 2933 2236 2960 Patiano

1235 2992 1263 3015 et
1279 2988 1413 3018 Seri-one,
1430 2991 1605 3021 moyennant
1619 2995 1674 3012 une
1691 2993 1801 3012 somme
1817 2984 1851 3010 de
1869 2984 1918 3010 140
1934 2983 2030 3009 livres.
