2392 3571
123 337 177 365 542
666 332 715 360 LE
740 331 883 360 LIBER
907 330 1141 360 CENSUUM
1165 330 1219 359 DE
1244 321 1430 360 L‘EGLISE
1453 330 1664 360 ROMAINE.

201 402 271 429 Item
289 401 417 437 precipit
439 404 469 427 ιιι
490 399 523 426 ‹Ie
540 402 632 426 cetero
650 398 769 425 nullum
789 397 843 434 fiat
868 398 898 426 ἰη
922 398 986 434 ¹ipsa
1005 398 1128 426 civitate

161 458 308 481 statutum
325 452 529 487 contrajuru,
548 450 738 487 tliynitutem,
757 451 898 478 honorem
917 455 942 478 e!
959 450 1124 478 libertatem

162 507 290 534 Romano
319 505 435 533 ecclaesie
465 513 514 531 nec
542 504 631 531 eliam
661 503 863 539 episcopatus,
894 502 1072 531 clericorum
1101 507 1126 530 el

162 559 354 586 ecclesiarum
387 557 522 585 ciritolis
551 555 698 592 ejzzsdem,
733 560 757 583 et
788 556 879 583 elium
909 555 1010 592 portis
1040 555 1126 582 mili-

165 616 225 639 lum
245 611 298 647 qui
318 615 388 637 sunl
402 614 502 638 astra.
527 614 552 636 el
576 609 602 636 si
620 613 725 637 contra
746 613 956 645 presumptum
976 608 1071 642 fueri!
1091 608 1126 635 αἱ)

163 664 282 697 eisdem,
300 663 424 690 omnino
442 670 497 689 non
519 662 624 695 caleat,
645 666 669 689 cl
689 670 805 689 cassum
824 666 849 689 et
867 662 992 689 irritum
1011 661 1046 688 ab
1062 668 1126 688 0771-

164 717 250 744 )ziluts
268 716 425 743 habeatur.

202 769 273 796 Item
292 768 420 804 precipit
437 772 462 795 el
478 767 604 795 mandat
623 772 653 794 u!
671 767 776 795 nullus
792 766 825 794 [Ie
844 771 936 795 celero
950 766 983 794 ile
1004 766 1127 794 civitate

159 821 293 858 preclirla
313 829 362 848 nec
378 821 440 856 ipsa
455 821 659 847 communitus
675 829 702 847 se
721 820 906 847 inlromitlat
919 819 951 847 de
962 823 1061 847 ‘monte
1072 818 1126 847 Su-

161 874 251 907 busio,
271 873 426 901 (arcolendo
445 873 542 909 ipsum
559 877 688 900 *montem
708 881 757 900 nec
773 872 894 908 aliquid
908 871 996 899 uliwl
1010 872 1127 906 facien-

161 927 232 954 ‹lztm
254 927 287 954 in
313 927 384 962 ipso.
409 926 457 953 scil
473 927 654 962 permittant
678 926 774 962 ipsum
799 925 888 953 libere
905 924 1055 961 possidere
1074 924 1127 952 Ro-

163 988 250 1007 mane
275 979 391 1007 ecclesie
415 983 440 1006 el
465 978 628 1007 rectoribus
656 978 783 1006 (buculus
810 978 921 1014 ipsius,
947 977 1030 1005 saluo
1054 977 1127 1013 jure

161 1040 263 1060 eorum
283 1032 422 1059 omnium
440 1031 492 1067 qui
509 1031 738 1059 rationabiliter
751 1031 854 1059 volun!
871 1030 1021 1058 ostendere
1036 1038 1064 1057 se
1074 1029 1129 1066 jtcs

163 1085 267 1112 haltere
285 1085 314 1112 in
335 1085 405 1121 ipso.

201 1137 281 1165 Ideni
297 1137 427 1174 precipit
443 1142 467 1165 el
483 1137 609 1165 mandat
630 1137 662 1165 de
679 1137 883 1170 normaudi'is,
904 1137 1022 1170 rostris,
1046 1136 1129 1164 viliis

162 1195 187 1218 ει
211 1190 445 1227 possessionibus
470 1190 633 1218 comitatus
658 1190 792 1218 civitatis
816 1190 945 1225 ejusdem
972 1197 1027 1225 que
1054 1189 1126 1217 olim

163 1244 246 1271 curie
260 1243 354 1278 fuisse
370 1243 527 1277 dicuntur,
545 1247 578 1270 ut
594 1243 699 1270 omnia
713 1242 871 1270 dimittant
888 1242 977 1270 libere
994 1246 1020 1270 et
1032 1242 1129 1278 quiete

163 1297 293 1325 Romane
310 1296 426 1324 ecclesie
439 1296 619 1332 possidendo
633 1304 690 1332 pro
708 1296 780 1324 suis.

123 1479 298 1506 CCLXXIV
311 1488 336 1505 α.
357 1494 390 1499 -
407 1481 496 1506 Srmsn
514 1479 643 1506 Icmcmu
660 1479 841 1506 Kitimmo
853 1483 871 1504 ¹.

195 1606 226 1632 In
241 1608 354 1632 nomine
370 1606 496 1636 Domini,
510 1614 603 1632 amen.
618 1606 678 1640 Ego
695 1606 851 1632 Benedicta
867 1606 1038 1640 domicella,
1052 1614 1128 1632 mar-

159 1655 276 1681 chisana
302 1655 396 1680 Messe
415 1659 442 1680 et
462 1654 604 1688 judicissa
627 1654 802 1687 Kalaritana,
820 1656 980 1689 persistens
997 1655 1023 1681 in
1044 1655 1128 1689 pleno

159 1708 186 1730 et
213 1712 300 1729 sensu
326 1712 404 1735 meo,
434 1712 489 1729 non
514 1704 540 1729 vi
565 1707 664 1730 coacta
689 1712 740 1730 noc
761 1704 825 1729 dolo
848 1705 921 1730 malo
946 1704 1063 1730 inducta
1084 1707 1129 1730 set

160 1761 221 1778 mea
238 1753 352 1787 propria
364 1756 392 1778 et
404 1753 548 1778 voluntate
563 1756 731 1786 spontanea,
745 1752 827 1778 vobis
838 1752 954 1778 domino
966 1752 1128 1778 Gottifredo

161 1801 282 1827 Profecti
302 1801 388 1827 Urbis
409 1800 517 1827 domini
538 1809 608 1835 pape
627 1801 805 1827 subdiacono
821 1804 849 1826 et
865 1801 1021 1835 capellano,
1038 1801 1129 1828 totius

160 1849 290 1875 Sardinie
307 1853 334 1875 et
352 1848 469 1875 Corsice
491 1849 599 1882 legato,
623 1849 772 1882 recipienti
793 1850 908 1875 nomine
929 1849 1059 1875 Romane
1080 1857 1128 1876 ec-

160 1899 262 1931 clesie,
280 1899 313 1924 ab
331 1898 383 1924 hac
406 1899 475 1924 hora
495 1898 523 1924 in
545 1902 628 1924 antea
646 1898 748 1931 viginti
771 1898 858 1924 libras
879 1898 991 1932 argenti
1014 1898 1129 1924 nomine

161 1954 267 1972 census
286 1955 334 1980 pro
352 1954 439 1980 regno
456 1954 518 1972 meo
535 1946 699 1972 Kalaritano
713 1947 774 1972 sive
787 1947 919 1980 judicatu
933 1955 966 1973 ac
980 1950 1039 1973 tota
1055 1950 1130 1973 terra

161 2003 244 2029 quam
268 1995 358 2020 habeo
379 1995 405 2020 in
432 1994 573 2025 Sardinia,
596 2003 653 2029 que
675 1995 770 2021 omnia
792 2003 837 2021 me
856 1996 995 2022 confiteor
1011 1995 1045 2021 ab
1068 1996 1130 2030 ipsa

160 2043 289 2069 Ecclesia
314 2043 480 2077 possedisse
503 2044 645 2070 hactenus
668 2048 696 2069 et
720 2043 869 2078 possidere
893 2044 920 2070 in
940 2044 1082 2075 futurum,
1100 2045 1129 2070 in

160 2092 234 2118 festo
255 2091 391 2117 Omnium
409 2092 581 2118 Sanctorum
599 2093 733 2126 promitto
751 2093 863 2118 solvere
880 2092 1038 2119 annuatim.
1056 2092 1129 2118 Item

161 2141 295 2174 promitto
312 2140 387 2174 quod
406 2140 502 2166 nullus
518 2140 552 2166 de
575 2148 648 2167 novo
669 2141 807 2167 efficietur
819 2140 911 2175 judex
927 2141 971 2166 vel
984 2140 1130 2175 judicissa

161 2189 189 2214 in
207 2188 269 2222 ipso
286 2196 374 2221 regno
391 2188 451 2214 sive
463 2188 605 2223 judicatu,
624 2188 692 2223 quin
705 2189 806 2222 jurent
822 2188 986 2215 fidelitatem
1002 2189 1057 2223 ipsi
1073 2188 1129 2215 Ec-

162 2389 188 2416 1.
205 2388 415 2415 Salute-Cecile
437 2389 503 2423 pr'es
520 2387 657 2423 Cagliari,
675 2388 689 2415 3
706 2388 860 2415 decembre
878 2388 956 2415 1224.
974 2403 1006 2408 -
1029 2388 1129 2415 Mura-

125 2437 194 2470 tori‚
212 2438 288 2468 Αηι.,
306 2440 325 2462 t.
345 2436 400 2469 VI,
426 2445 453 2471 p.
471 2436 496 2462 8.
512 2450 548 2457 —
564 2436 737 2468 Benedetta,
763 2437 910 2470 mai-quise
933 2436 968 2462 de
989 2436 1086 2464 Massa
1102 2440 1131 2463 et

123 2485 244 2519 jugesse
270 2484 305 2510 de
330 2484 467 2518 Cagliari,
494 2484 657 2518 reconnait,
684 2493 734 2519 par
761 2484 866 2511 devant
891 2485 918 2511 le
945 2484 1130 2512 sous-diacre

126 2532 281 2567 Godefroy,
293 2533 369 2566 legat
379 2540 414 2558 en
431 2532 589 2567 Sardaigne
605 2536 633 2560 et
648 2541 683 2559 en
699 2533 798 2564 Coi-se,
812 2533 853 2559 les
869 2532 960 2560 droits
975 2533 1014 2560 du
1030 2532 1130 2559 Saint-

127 2579 212 2614 Siege
235 2588 285 2606 sur
308 2588 339 2606 sa
362 2579 550 2614 principaute',
569 2583 597 2606 et
612 2580 764 2615 s'engage,
790 2589 825 2607 en
850 2580 1026 2615 particulier,
1052 2582 1067 2607 a
1091 2580 1130 2607 lui

126 2637 213 2663 payer
231 2637 267 2655 uu
290 2636 360 2655 cens
382 2629 485 2655 annue!
501 2629 535 2655 de
552 2629 633 2663 vingt
648 2629 735 2655 livres
750 2629 892 2664 d¹argent.
909 2629 951 2656 cf.
969 2629 1129 2661 ci-dessus,

127 2685 154 2711 p.
171 2677 222 2704 235
233 2678 257 2705 b.

1245 396 1348 427 clesie,
1370 390 1400 422 et
1420 397 1524 422 facient
1540 404 1641 422 omnes
1665 396 1770 422 liberos
1791 400 1866 423 terre
1888 397 1948 423 sive
1965 400 2217 432 tcrremagnenses

1245 444 1385 470 habentes
1406 444 1522 470 feudum
1546 445 1580 470 ab
1606 446 1648 470 eis
1672 446 1699 471 in
1722 445 1863 479 principio
1879 453 1932 471 sue
1955 445 2216 479 dignitatisjurnre

1245 492 1410 518 fidelitatem
1428 493 1549 519 ecclesie
1566 497 1732 519 memorate⁴
1755 493 1827 519 Item
1844 494 1935 527 judex
1951 494 2133 527 etjudicissa
2150 502 2216 528 pro-

1245 541 1385 566 curabunt
1416 541 1541 574 legatum
1572 541 1650 566 sedis
1679 541 1835 575 apostolIce
1870 541 1945 567 sicut
1979 542 2216 576 archiepiscopus

1245 588 1447 622 Kalaritanus,
1471 593 1498 615 et
1520 597 1585 615 cum
1612 589 1701 623 primo
1726 589 1820 622 ipsum
1842 590 1982 624 recipient
2002 593 2030 616 et
2047 589 2137 624 judex
2158 589 2217 616 Ka-

1245 637 1384 664 laritanus
1411 637 1589 664 addextrabit
1616 646 1680 664 eum
1708 638 1840 671 pedester
1867 646 1916 672 per
1940 637 2082 664 decimam
2107 642 2215 672 partem

1247 686 1364 712 miliat-is
1391 687 1487 712 unius.
1513 686 1582 712 Item
1603 687 1694 719 judex
1718 690 1746 712 ot
1763 687 1907 720 judicissa
1933 686 2096 712 Kalaritana
2122 686 2217 712 omnia

1246 735 1407 769 spiritualia
1431 735 1574 761 dimittent
1599 736 1687 762 libere
1714 737 1766 770 ipsi
1791 735 1928 766 ecclesie,
1954 744 2008 761 non
2033 735 2217 761 obstantibus

1245 783 1456 810 consuetudine
1472 784 1566 818 aliqua
1583 784 1625 810 vel
1641 784 1745 811 abusu.
1763 784 1834 810 Item
1848 784 1938 818 judex
1960 783 2144 810 Kalaritanus
2161 791 2217 809 non

1245 832 1366 866 recipiet
1382 840 1499 858 uxorem
1516 833 1721 866 necjudicissa
1738 833 1881 866 maritum,
1897 834 1960 859 sine
1974 833 2090 867 speciali
2104 832 2218 859 licentia

1245 880 1376 914 ejusdem
1401 882 1523 907 ecclesie
1546 884 1573 907 et
1597 881 1738 907 mandato.
1762 881 1835 907 Item
1855 882 1879 907 si
1898 881 1989 915 judex
2012 882 2054 908 vel
2072 881 2217 915 judicissa

1246 928 1402 955 Kalaritani
1427 929 1596 955 decederent
1623 930 1685 956 sine
1710 930 1776 956 filiis
1800 930 1968 956 masculinis
1989 930 2032 955 vel
2054 929 2215 961 femininis,

1246 981 1333 1004 totam
1362 981 1466 1004 terram
1496 978 1584 1004 libere
1611 982 1639 1004 et
1668 978 1799 1004 absolute
1825 978 1879 1012 ipsi
1906 978 2028 1004 ecclesie
2057 978 2217 1012 relinquere

1246 1029 1409 1060 teneantur,
1427 1026 1505 1052 salvo
1523 1030 1632 1052 tantum
1650 1027 1724 1061 quod
1743 1027 1856 1052 tertiam
1876 1030 1983 1060 partem
2002 1026 2149 1052 mobilium
2167 1033 2217 1060 pro

1246 1074 1339 1100 anima
1350 1083 1402 1101 sua
1417 1075 1505 1101 libere
1522 1075 1732 1109 derelinquant.
1746 1075 1818 1101 Item
1831 1083 1897 1101 cum
1910 1075 2002 1108 judex
2017 1075 2059 1100 vel
2072 1073 2218 1108 judicissa

1246 1123 1280 1149 de
1300 1132 1372 1149 novo
1389 1124 1549 1149 efficientur
1565 1124 1592 1149 in
1610 1124 1673 1158 ipso
1695 1132 1783 1157 regno
1807 1124 1869 1150 sivo
1891 1123 2021 1157 judIcatu
2040 1122 2215 1156 Kalaffltano,

1246 1171 1280 1207 ad
1303 1171 1409 1197 curiam
1431 1171 1590 1198 Romanam
1609 1173 1798 1206 personaliter
1817 1171 1955 1198 accedent
1976 1172 2019 1197 vel
2043 1171 2219 1205 sollempnes

1247 1221 1365 1246 nuntios
1388 1220 1574 1246 destinabunt
1595 1220 1666 1246 infra
1689 1221 1813 1254 spatium
1836 1220 1957 1246 duorum
1981 1220 2124 1246 mensium
2141 1228 2156 1245 a
2172 1219 2219 1245 die

1247 1276 1298 1294 sue
1316 1268 1464 1302 dignitatis
1481 1268 1691 1303 incipientium,
1709 1277 1758 1302 pro
1773 1268 1876 1294 vexillo
1893 1269 1920 1294 in
1938 1269 2054 1302 signum
2068 1267 2187 1294 dominii
2203 1276 2218 1294 a

1247 1317 1315 1343 sede
1331 1317 1487 1351 apostolica
1510 1317 1655 1343 humiliter
1677 1317 1842 1343 obtinendo.
1865 1316 1936 1342 Item
1959 1324 2093 1350 guerram
2118 1319 2146 1342 et
2167 1324 2218 1350 pa-

1246 1373 1308 1391 cem
1330 1366 1436 1391 facient
1456 1365 1489 1391 ad
1512 1366 1677 1391 mandatum
1695 1366 1789 1399 ipsius
1810 1365 1933 1391 ecclesie
1949 1368 2048 1391 contra
2065 1364 2218 1390 universos

1245 1417 1273 1439 et
1289 1414 1420 1447 singulos
1438 1422 1486 1447 per
1508 1413 1667 1439 Sardiniam
1685 1414 1861 1439 constitutos
1877 1413 1925 1447 qui
1944 1413 2014 1439 forte
2030 1413 2125 1447 aliquo
2142 1416 2218 1440 tem-

1246 1469 1314 1496 pore
1331 1466 1499 1495 presument
1515 1462 1569 1495 ipsi
1586 1463 1708 1487 ecclesie
1729 1463 1756 1487 in
1781 1462 1876 1495 aliquo
1893 1462 2041 1488 rebellare.
2060 1461 2131 1487 Item
2149 1461 2218 1488 nulli

1246 1513 1410 1536 statuentur
1431 1510 1463 1535 ad
1484 1510 1643 1536 custodiam
1662 1514 1822 1536 castrorum
1841 1510 1884 1536 vel
1900 1510 2009 1536 arcium
2028 1510 2120 1544 ipsius
2137 1510 2219 1544 regni

1246 1558 1307 1584 sive
1320 1558 1471 1592 judicatus
1488 1558 1646 1584 Kalaritani
1661 1559 1730 1592 quin
1749 1559 1839 1593 primo
1851 1560 1952 1593 jurent
1967 1558 2116 1589 honorem,
2134 1557 2220 1584 liber-

1246 1610 1320 1633 tates
1343 1610 1370 1633 et
1390 1608 1457 1641 jura
1478 1607 1608 1641 ejusdem
1636 1608 1758 1633 ecclesie
1782 1616 1832 1642 per
1856 1607 1952 1633 omnia
1976 1611 2004 1633 et
2030 1608 2056 1633 in
2083 1607 2219 1633 omnibus

1247 1656 1327 1682 firma
1347 1660 1374 1681 et
1395 1655 1500 1682 illibata
1525 1656 1598 1681 bona
1622 1656 1675 1681 fide
1699 1664 1731 1682 ac
1753 1656 1814 1682 sine
1832 1655 1931 1682 fraude
1948 1664 2073 1683 servare.
2095 1656 2220 1690 Insuper

1247 1708 1342 1730 autem
1360 1708 1390 1730 ut
1411 1705 1463 1730 hec
1483 1704 1579 1729 omnia
1597 1705 1622 1730 in
1641 1707 1789 1738 posterum
1807 1704 1886 1730 firma
1905 1708 2105 1739 permaneant,
2123 1703 2219 1738 obligo

1247 1761 1292 1778 me
1307 1761 1445 1786 meosque
1461 1753 1582 1779 heredes
1596 1753 1628 1779 ad
1647 1761 1748 1787 penam
1764 1753 1864 1779 decem
1879 1753 1987 1779 milium
2003 1761 2162 1779 marcarum
2177 1761 2219 1778 ar-

1247 1802 1336 1835 genti,
1350 1802 1373 1827 si
1388 1805 1488 1827 contra
1504 1802 1631 1836 predicta
1647 1803 1688 1828 vel
1706 1802 1821 1836 aliquod
1839 1802 2032 1836 predictorum
2050 1809 2099 1836 per
2115 1809 2160 1827 me
2175 1801 2219 1827 vel

1249 1857 1328 1875 meos
1344 1849 1476 1880 heredes,
1491 1851 1553 1875 sive
1570 1858 1618 1884 pcr
1634 1850 1758 1884 aliquam
1775 1849 1950 1876 submissam
1969 1858 2132 1884 personam,
2145 1852 2220 1876 tem-

1249 1906 1315 1932 pore
1331 1898 1426 1932 aliquo
1444 1899 1540 1924 venire
1558 1898 1720 1932 temptab03
1738 1902 1766 1924 et
1782 1907 1853 1932 pena
1871 1899 1975 1931 soluta,
1988 1898 2062 1924 idem
2079 1898 2219 1932 scriptum

1249 1947 1361 1980 plenam
1378 1946 1504 1972 obtineat
1520 1947 1695 1972 firmitatem.
1717 1946 1834 1978 Verum,
1851 1946 1885 1973 ad
1902 1948 2038 1980 majorem
2056 1946 2220 1973 firmitatem

1248 1996 1341 2030 ipsius
1357 1996 1494 2028 ecclesie,
1512 1996 1652 2029 corporali
1674 2004 1688 2021 a
1709 2003 1753 2021 me
1771 1996 1936 2029 Juramento
1961 1995 2081 2029 prestito
2097 1995 2131 2020 de
2152 2003 2221 2030 pre-

1248 2044 1333 2070 dictis
1354 2044 1490 2070 omnibus
1512 2044 1711 2073 observandis,
1730 2052 1852 2078 presens
1877 2044 2017 2078 scriptum
2041 2043 2093 2070 feci
2116 2042 2220 2069 exinde

1247 2092 1308 2119 fieri
1333 2096 1388 2119 tam
1413 2093 1488 2118 bulle
1507 2093 1586 2126 regni
1611 2093 1666 2118 mei
1687 2092 1855 2124 Kalaritaui,
1878 2092 2116 2126 sivejudicatus‚
2133 2098 2220 2125 quam

1247 2141 1333 2175 sigilli
1352 2142 1458 2175 proprii
1475 2141 1634 2167 munimine
1652 2141 1827 2167 roboratum.
1847 2141 1953 2166 Actum
1977 2141 2004 2166 in
2025 2140 2153 2166 inferiori
2169 2147 2222 2166 ca-

1248 2197 1325 2215 mera
1346 2189 1442 2223 palatii
1469 2189 1640 2215 venerabilis
1667 2189 1755 2223 patris
1781 2208 1799 2215 ..
1824 2189 2035 2223 archiepiscopi
2061 2187 2220 2214 Kalaritani

1246 2238 1320 2272 apud
1342 2238 1437 2264 villam
1461 2242 1559 2264 sancte
1582 2237 1701 2271 Cecilie,
1725 2238 1911 2272 presentibus
1928 2237 2067 2271 magistro
2086 2236 2220 2263 Johanne

1247 2287 1392 2321 preposito
1410 2285 1640 2321 Foripopulensi,
1661 2286 1821 2320 presbitero
1836 2285 2025 2311 Benevenuto
2043 2288 2154 2311 rectore
2170 2292 2221 2311 ec-

1246 2335 1334 2361 clesie
1359 2335 1451 2361 sancti
1477 2334 1625 2361 Michaelis
1647 2334 1907 2361 Lambertatiorum
1929 2333 2135 2366 Bononiensis,
2160 2341 2221 2359 ma-

1248 2385 1338 2418 gistro
1366 2383 1524 2410 Benedicto
1552 2383 1670 2410 Cortese
1700 2383 1804 2410 clerico
1832 2382 1940 2409 domini
1968 2382 2095 2408 Rainerii
2120 2384 2221 2408 sancte

1248 2432 1336 2459 Marie
1352 2432 1465 2458 diaconi
1480 2433 1649 2463 cardinalis,
1669 2431 1815 2458 nobilibus
1831 2431 1900 2457 viris
1917 2430 2065 2457 Bonifacio
2081 2437 2220 2464 germano

1247 2481 1341 2515 ipsius
1364 2480 1473 2507 domini
1498 2480 1533 2506 G.
1560 2480 1646 2514 legati
1674 2479 1806 2506 Sardinie
1828 2483 1857 2505 et
1880 2478 1998 2505 Coi-sice
2024 2482 2052 2505 et
2076 2477 2221 2505 Rainucio

1248 2531 1432 2565 Fortigucrre
1447 2530 1630 2557 Urbevetano
1643 2530 1792 2562 militibus,
1804 2538 1878 2556 anuo
1891 2529 2007 2555 Domini
2019 2529 2111 2555 nostri
2125 2528 2221 2556 mille-

1248 2580 1322 2606 simo
1339 2579 1538 2606 ducentesimo
1555 2579 1693 2605 vicesimo
1717 2581 1833 2612 quarto,
1859 2577 2016 2604 indictione
2032 2576 2220 2608 duodecima,

1248 2629 1332 2655 tertio
1356 2635 1446 2654 nonas
1468 2627 1646 2659 decembris,
1665 2627 1852 2662 pontificatus
1874 2626 1981 2653 domini
2005 2625 2124 2652 Honorii
2148 2632 2223 2660 pape

1249 2676 1325 2703 tertii
1340 2684 1416 2703 anno
1433 2684 1520 2703 nono.
