2392 3571
660 339 710 368 LE
733 339 879 369 LIBER
901 338 1135 369 CENSUUM
1159 339 1214 368 DE
1238 333 1424 368 L'EGLISE
1447 339 1656 370 ROMAINE.
2148 342 2209 371 477

183 402 243 436 Ego
267 402 415 434 Minimus,
437 404 608 430 auctoritate
626 408 726 430 sancte
748 404 877 431 Romane
893 405 1014 431 ecclesie
1038 408 1117 431 nota-

147 451 219 482 rius,
236 451 263 477 in
281 451 336 477 hiis
352 452 487 478 omnibus
502 460 590 487 supra
606 453 721 479 interfui
741 456 770 478 et
789 453 816 479 in
839 452 980 487 publicam
998 453 1118 479 formam

147 498 255 533 redegi,
273 508 348 526 anno
365 503 393 526 et
409 508 509 526 mense
526 501 662 535 predicto.

108 644 264 678 CCXqu.
274 659 310 666 -—
321 647 543 672 lustramentum
554 647 731 679 refutationis
741 647 849 672 domini
858 648 884 672 ,1.
894 647 924 673 1ἷο
934 648 1087 680 Columpna
1097 649 1116 673 ¹.

184 732 352 767 Exemplum
382 733 531 767 cujusdam
567 733 746 760 refutationis
775 733 881 760 domini
912 733 1054 760 ι1011301115
1083 734 1118 760 de

145 781 313 815 Columpna.

181 829 212 855 In
237 829 352 855 nomine
374 828 499 855 Domini.
525 830 612 855 Anno
634 829 778 856 dominice
799 830 1006 856 incarnationis
1022 831 1117 856 mille-

145 877 219 902 simo
241 876 441 903 ducentesimo
465 877 615 910 trigesimo
639 877 783 908 secundo,
802 878 987 912 pontificatus
1009 878 1117 904 domini

145 925 277 959 Gregorii
299 933 369 960 pape
393 925 458 951 noni
481 933 556 951 anno
578 929 677 957 sexto,
696 926 853 952 indictione
870 926 986 960 quinta,
1008 927 1117 953 mensis

143 974 249 1007 aprelis
264 973 310 999 die
325 973 462 1000 secunda.

179 1021 240 1048 Nos
269 1021 420 1048 Johannes
447 1021 482 1048 de
506 1021 684 1057 Columpna,
713 1023 809 1049 divina
829 1023 1015 1050 miseratione
1041 1024 1114 1050 tituli

143 1074 243 1097 sancte
261 1070 398 1097 l‘raxedis
415 1070 566 1105 presbyter
581 1070 748 1101 cardinalis,
769 1071 940 1098 confitemur
963 1075 991 1098 et
1013 1080 1115 1106 recog-

145 1119 294 1145 noscimus
306 1119 358 1144 hac
371 1120 496 1153 presenti
511 1119 556 1145 die
574 1120 719 1154 recepisse
734 1128 750 1145 a
766 1123 794 1145 te
810 1119 971 1154 Caponigro
989 1120 1115 1146 Proven-

142 1175 214 1193 zano
238 1171 396 1192 mercatore
413 1166 551 1197 Senensi,
573 1167 653 1193 socio
679 1167 806 1194 Bobonis
826 1167 968 1194 Johannis
986 1167 1115 1194 Bobonis

143 1216 304 1250 campsoris
319 1215 427 1241 domini
445 1223 526 1249 pape,
540 1215 670 1242 solvente
685 1216 748 1242 vice
762 1219 790 1242 et
803 1216 918 1242 nomine
932 1216 1028 1242 domni
1043 1216 1115 1243 Gre-

142 1265 216 1298 gorii
240 1272 310 1297 pape
332 1265 413 1295 noni,
431 1263 615 1298 septuaginta
633 1272 744 1290 marcas
768 1265 908 1291 bonorum
927 1273 1065 1292 novorum
1087 1269 1115 1292 et

144 1312 276 1345 legalium
299 1312 520 1345 sterlingorum,
543 1312 637 1338 silicet
658 1321 707 1339 xui
727 1313 842 1344 solidis,
868 1317 895 1339 et
918 1322 943 1340 ix·
965 1314 1114 1347 sterlingis

146 1369 195 1394 pro
214 1368 307 1386 marca
324 1361 450 1394 qualibet
473 1361 666 1395 computatis;
684 1361 751 1387 item
769 1365 797 1388 et
813 1362 914 1396 viginti
931 1362 1030 1388 uncias
1048 1362 1114 1388 boni

142 1413 172 1435 et
189 1408 287 1442 legalis
303 1410 365 1435 auri
382 1413 546 1435 tarenorum
561 1410 639 1443 regis
653 1409 751 1435 Sicilie
766 1409 801 1436 ad
815 1410 929 1444 pondus
945 1419 1112 1444 romanum;

142 1457 211 1484 item
232 1462 260 1483 et
280 1457 419 1484 ducentas
442 1462 470 1484 et
494 1458 597 1492 viginti
616 1458 705 1484 libras
722 1459 861 1485 bonorum
880 1460 1112 1493 proveniensium

143 1509 280 1538 senatus;
308 1507 374 1532 item
398 1509 426 1532 et
446 1510 512 1532 octo
537 1507 638 1532 uncias
663 1510 691 1532 ct
714 1514 799 1532 unam
816 1511 946 1541 quartam
970 1508 1035 1534 boni
1051 1508 1114 1534 auri

144 1555 271 1589 pulveris
292 1554 324 1580 ad
352 1555 465 1589 pondus
490 1563 652 1581 romanum.
677 1554 719 1580 De
741 1555 847 1589 quibus
870 1555 1004 1583 omnibus
1025 1564 1114 1582 voca-

144 1611 210 1629 mus
234 1611 287 1630 nos
308 1603 381 1629 bene
403 1603 517 1637 quietos
538 1606 566 1629 et
590 1606 708 1638 pacatos
727 1604 854 1637 integre,
876 1605 1040 1638 exceptioni
1057 1612 1113 1630 non

145 1655 294 1678 numerate
318 1652 363 1677 vel
389 1660 444 1678 non
469 1652 562 1677 solute
584 1653 707 1686 pecunie
730 1656 778 1678 aut
804 1660 859 1678 non
880 1652 1029 1686 ponderati
1051 1652 1115 1679 auri

144 1700 350 1727 renunciando.
368 1699 431 1732 Que
447 1701 542 1726 omnia
559 1708 609 1734 pro
626 1700 709 1726 nobis
723 1704 751 1726 et
767 1701 990 1727 successoribus
1006 1694 1113 1728 nostris

143 1750 340 1784 promittimus
352 1749 403 1775 tibi
418 1749 496 1775 dicto
512 1748 674 1783 Caponigro
689 1749 837 1783 recipienti
849 1757 899 1783 pro
913 1749 1029 1776 domino
1042 1758 1114 1784 papa

143 1797 303 1831 prescripto
324 1797 445 1822 firmiter
456 1792 631 1827 observare,
649 1799 677 1822 et
695 1800 795 1822 contra
812 1797 887 1823 nullo
905 1797 989 1823 modo
1005 1798 1113 1824 venire.

178 1845 284 1871 Actum
303 1845 489 1879 presentibus
500 1845 557 1871 hiis
568 1845 693 1871 testibus
708 1845 741 1871 ad
755 1845 809 1871 hoc
820 1845 983 1880 specialiter
995 1846 1112 1880 rogatis,

143 1893 236 1919 silicet
261 1895 398 1927 magistro
422 1893 543 1919 Dicibilc
564 1894 721 1919 camerario
738 1896 826 1925 teste,
844 1893 977 1920 Johanne
997 1893 1114 1921 Barario

137 1942 316 1976 jumentario
333 1942 367 1967 ab
382 1943 517 1976 Angusto
535 1946 618 1973 teste,
635 1941 754 1967 Oddone
767 1942 938 1968 Adulterino
956 1946 1039 1975 teste,
1057 1943 1114 1969 Ra-

141 1990 220 2016 dulfo
238 1990 272 2016 de
294 1989 433 2024 Zagarolo
449 1994 533 2021 teste,
553 1989 686 2024 Daynese
701 1989 841 2016 Octonelli
859 1994 944 2023 teste,
961 1990 1063 2017 Gracia
1080 1991 1114 2017 de

143 2038 226 2069 Sena,
244 2042 328 2065 teste.

176 2085 237 2120 Ego
263 2085 407 2112 Johnnnis
433 2085 668 2118 Forssbrachius,
695 2085 748 2111 Dei
776 2086 866 2119 gratia
891 2086 965 2112 sacri
991 2085 1114 2112 Romani

141 2135 254 2168 imperii
285 2134 471 2166 scriniarius,
503 2133 570 2167 quia
597 2133 654 2159 hiis
682 2133 817 2159 omnibus
847 2133 983 2168 interfui,
1010 2134 1114 2169 scripsi

141 2186 270 2217 rogatus.

106 2329 230 2356 CCXIX
241 2330 268 2355 Ιι.
285 2343 320 2349 -
334 2330 398 2355 Alia
411 2329 546 2361 refutacio
561 2329 680 2361 ejusdem
696 2329 803 2355 domini
818 2329 972 2355 cardinalis
984 2332 1005 2355 2.

176 2417 346 2451 Exemplum
363 2417 482 2443 alterius
501 2416 687 2442 refutacionis
703 2416 846 2451 ejusdem.

143 2578 168 2604 1.
185 2577 199 2604 Q
217 2577 287 2603 avril
308 2576 382 2603 1232.
400 2590 432 2594 —
448 2573 596 2605 Muratori,
615 2576 691 2608 Ant„
709 2578 729 2602 t.
746 2574 787 2607 ΙΙ,
806 2583 833 2609 p.
851 2575 911 2602 807.
934 2575 972 2601 Le
987 2575 1113 2602 cardinal

105 2626 177 2653 Jean
195 2625 323 2652 Colonna
343 2624 437 2649 donne
457 2632 493 2650 au
515 2631 586 2658 pape
607 2623 746 2657 Gregoire
762 2623 805 2650 IX
817 2645 823 2655 ,
841 2626 1006 2658 represente’
1023 2633 1072 2659 par
1088 2625 1113 2651 le

106 2673 262 2700 marchand
286 2671 464 2706 Caponigro,
488 2671 634 2705 quittance
656 2672 691 2697 de
715 2673 747 2698 70
771 2679 864 2697 mares
886 2672 1008 2706 sterling
1027 2676 1055 2698 et
1077 2672 1113 2698 de

106 2722 140 2749 ‘20
156 2729 244 2748 onces
261 2720 332 2752 d'or,
353 2719 388 2745 de
408 2719 460 2746 ‘220
476 2719 562 2745 livres
584 2719 766 2754 provinoises
785 2723 813 2745 et
833 2719 867 2745 de
889 2720 903 2745 8
924 2728 1012 2746 onces
1029 2722 1061 2754 'lt
1078 2720 1113 2746 de

105 2770 216 2806 poudre
233 2769 304 2796 d'or.

141 2819 169 2845 2.
188 2818 315 2853 Spolete,
336 2817 471 2851 issJuillet
489 2816 566 2843 1232.
584 2832 618 2837 —-
633 2817 726 2843 Autre
744 2817 901 2850 qnittance,
917 2817 955 2843 du
972 2818 1064 2844 meme
1077 2826 1112 2844 au

106 2867 210 2899 meme,
237 2874 310 2900 pour
334 2866 360 2892 la
385 2873 496 2892 somme
521 2865 556 2891 de
582 2865 633 2891 108
658 2873 746 2891 onces
772 2869 801 2891 et
825 2865 919 2891 demie
943 2865 1004 2892 d'or
1027 2870 1056 2892 et
1079 2866 1113 2892 de

107 2916 158 2942 174
174 2916 262 2942 livres
277 2915 291 2941 4
309 2923 390 2946 sous,
407 2914 463 2940 due
479 2922 530 2949 par
544 2914 570 2940 Ie
588 2923 659 2948 pape
675 2922 787 2940 comme
803 2914 961 2940 indemnite
977 2923 1050 2949 pour
1063 2915 1114 2942 des

105 2964 253 2999 garanties
269 2963 398 2990 donnees
414 2971 450 2989 au
467 2966 563 2997 temps
574 2962 608 2988 de
625 2963 650 2988 la
666 2970 779 2997 guerre.

1274 403 1305 430 ln
1324 405 1437 431 nomine
1456 405 1579 437 Domini,
1593 415 1686 433 amen.
1700 408 1784 434 Anno
1800 409 2002 436 incarnationis
2015 409 2123 438 Christi
2139 410 2208 437 mil-

1237 452 1339 478 lesimo
1362 452 1559 480 ducentesimo
1576 455 1722 481 tricesimo
1738 457 1876 487 secundo,
1895 459 2079 492 pontificatus
2094 459 2206 487 domini

1236 501 1368 535 Gregorii
1391 511 1462 536 pape
1484 504 1549 529 noni
1571 512 1645 530 anno
1666 508 1762 536 sexto,
1785 507 1893 533 mensis
1910 508 1974 541 julii
1996 508 2043 534 die
2065 509 2206 535 sextade-

1236 549 1322 581 cima,
1341 550 1496 577 indictione
1513 553 1621 586 quinta.
1646 553 1705 580 Nos
1725 553 1874 582 Johannes
1894 557 1928 582 de
1948 556 2108 592 columpna
2129 558 2206 585 tituli

1236 601 1336 623 sancte
1353 597 1489 625 l’raxedis
1504 600 1654 635 presbyter
1670 602 1836 636 cardinalis,
1855 604 1906 629 liae
1923 605 1968 630 die
1990 607 2116 640 presenti
2131 615 2205 633 con-

1236 646 1350 672 fitemur
1367 647 1449 673 nobis
1467 648 1548 681 plene
1567 650 1693 676 solutum
1717 659 1782 677 esse
1804 660 1837 678 ac
1861 653 1971 687 integre
1992 654 2172 682 satisfactum
2187 664 2205 682 a

1236 698 1263 720 te
1285 694 1469 729 Capudnigro
1491 696 1525 722 de
1546 697 1645 728 Senis,
1664 700 1778 726 nomine
1798 700 1904 727 domini
1929 711 1999 737 pape
2022 707 2050 730 et
2072 703 2206 732 Romane

1235 743 1357 768 ecclesie
1380 745 1574 777 persolvente,
1592 750 1707 773 centum
1730 752 1757 774 et
1780 748 1877 775 decem
1899 754 1927 776 et
1945 755 2009 777 octo
2027 752 2126 779 uncias
2141 754 2206 780 auri

1237 791 1314 825 regis
1338 796 1366 817 et
1391 792 1536 819 dimidiam
1561 794 1594 819 ad
1616 796 1728 829 pondus
1753 805 1915 829 romanum,
1940 803 1968 826 et
1992 804 2108 827 centum
2135 809 2205 836 sep-

1235 840 1364 873 tuaginta
1381 844 1502 874 quatuor
1519 841 1605 868 libras
1627 847 1654 868 et
1675 848 1798 877 quatuor
1818 846 1926 873 solidos
1942 848 2080 875 bonorum
2097 858 2203 884 prove-

1236 887 1379 913 niensium
1399 893 1535 920 senatus,
1559 899 1608 923 pro
1631 891 1801 924 quibusdam
1823 894 1992 928 pignoribus
2016 898 2124 924 nostris
2143 907 2201 932 que

1235 937 1363 968 tempore
1384 944 1487 968 guerre
1511 937 1537 963 in
1559 938 1676 964 servitio
1699 939 1825 967 Ecclesie
1842 951 1891 976 pro
1908 944 2009 970 solidis
2031 945 2152 973 militum
2171 951 2201 974 01

1234 984 1422 1010 servientium
1442 985 1667 1019 assignavimus.
1686 987 1768 1014 Unde
1794 998 1844 1015 nos
1865 990 1899 1016 de
1921 992 2057 1025 predictis
2077 994 2206 1021 denariis

1235 1035 1263 1057 et
1279 1039 1348 1057 auro
1365 1032 1448 1058 nobis
1464 1042 1514 1067 pro
1531 1035 1700 1068 pignoribus
1716 1037 1788 1070 ipsis
1804 1046 1819 1063 a
1835 1042 1862 1064 te
1879 1040 1992 1066 nomine
2006 1041 2113 1068 domini
2130 1051 2203 1078 pape

1233 1082 1261 1105 et
1277 1078 1406 1106 Romane
1422 1081 1544 1107 ecclesie
1560 1083 1706 1116 persoluto
1721 1084 1792 1111 bene
1808 1086 1921 1119 quietos
1935 1097 2082 1123 vocamus,
2095 1099 2205 1126 excep-

1234 1128 1303 1153 tioni
1320 1136 1375 1154 non
1394 1134 1541 1156 numerate
1558 1132 1680 1165 pecunie
1696 1137 1724 1159 et
1741 1142 1794 1160 non
1813 1135 1897 1161 soluti
1915 1137 1956 1162 1·οΙ
1975 1138 2121 1171 ponderati
2138 1141 2202 1167 auri

1233 1177 1446 1208 renunciando;
1466 1180 1670 1206 renunciantes
1685 1181 1769 1207 etiam
1791 1184 1867 1209 omni
1885 1185 1943 1217 juri
1967 1190 1995 1212 et
2016 1187 2120 1213 actioni
2141 1189 2204 1215 utili

1232 1227 1261 1250 et
1274 1224 1381 1251 directe
1399 1229 1426 1251 et
1445 1228 1608 1261 exceptioni
1624 1231 1707 1254 tacite
1722 1234 1749 1256 et
1766 1238 1920 1265 expresse,
1939 1234 2011 1267 quod
2029 1243 2137 1269 quasve
2153 1245 2206 1263 oc-

1233 1274 1350 1299 casione
1367 1274 1559 1308 predictorum
1577 1276 1728 1310 pignorum
1744 1283 1906 1306 nostrorum
1925 1288 2023 1308 contra
2046 1283 2206 1312 Romanam

1233 1321 1384 1348 0001051301
1408 1323 1451 1349 vel
1472 1323 1620 1351 dominum
1642 1334 1743 1360 papam
1765 1327 1870 1354 habere
1894 1338 2063 1363 possemus;
2084 1334 2206 1366 promit-

1233 1372 1327 1396 tentes
1344 1379 1394 1405 pro
1419 1371 1500 1398 nobis
1524 1373 1688 1408 nostrisque
1711 1377 1934 1403 successoribus
1956 1379 2028 1405 hanc
2045 1381 2204 1408 refutacio-

1233 1425 1297 1443 nem
1323 1423 1352 1444 et
1376 1420 1471 1446 omnia
1492 1421 1656 1455 supradicta
1679 1427 1738 1449 rata
1753 1427 1782 1450 et
1796 1424 1877 1451 firma
1899 1434 2015 1461 semper
2039 1428 2158 1461 habere,
2176 1433 2207 1456 et

1233 1473 1288 1492 non
1306 1468 1519 1502 contravenire,
1543 1469 1597 1495 sub
1621 1478 1692 1504 pena
1718 1471 1792 1498 dicte
1814 1474 1935 1507 pecunie
1955 1475 2057 1509 duple,
2079 1480 2106 1503 et
2128 1485 2203 1511 pena

1231 1514 1324 1540 soluta
1346 1515 1400 1542 hoc
1420 1516 1644 1544 instrumentum
1662 1519 1848 1547 refutacionis
1867 1522 2071 1550 nichilominus
2088 1525 2203 1552 firmum

1233 1568 1408 1597 permaneat.

1268 1611 1374 1638 Actum
1398 1612 1517 1647 Spoleti,
1541 1616 1725 1649 presentibus
1746 1618 1870 1644 testibus
1893 1619 2066 1655 subscriptis
2087 1622 2122 1648 ad
2145 1623 2203 1650 hoc

1232 1661 1395 1695 specialiter
1420 1663 1541 1697 rogatis,
1567 1664 1678 1691 scilicet
1702 1666 1840 1700 magistro
1863 1667 1994 1696 Johanne
2024 1670 2133 1705 Caparo
2162 1672 2199 1699 de

1231 1706 1366 1744 Anagnia
1389 1714 1477 1743 teste,
1502 1713 1638 1746 magIstro
1658 1713 1790 1741 Johanne
1813 1716 1953 1751 Anglico,
1971 1719 2074 1746 clerico
2091 1720 2201 1748 domini

1232 1757 1385 1784 cardinalis
1411 1763 1499 1792 10510,
1522 1760 1654 1788 ,1011311110
1677 1762 1712 1788 de
1735 1763 1867 1791 Furcono
1890 1766 1994 1792 clerico
2010 1770 2098 1801 teste,
2115 1769 2204 1796 fratre

1231 1805 1364 1832 Johanne
1378 1816 1519 1835 converso
1536 1809 1663 1836 Saxivivi
1675 1815 1759 1845 teste,
1773 1816 1800 1838 et
1813 1812 1935 1840 Mai-tino
1951 1814 2100 1850 Fulginate
2116 1821 2203 1844 teste.

1267 1854 1303 1881 Et
1326 1863 1379 1889 ego
1403 1855 1577 1889 Riccardus,
1595 1859 1750 1892 imperialis
1767 1861 1831 1887 aule
1854 1862 2033 1898 scriniarius,
2050 1864 2124 1891 113110
2138 1873 2205 1892 ear-

1232 1906 1288 1929 tam
1307 1904 1439 1929 mandato
1453 1905 1572 1938 predicti
1589 1907 1741 1933 cardinalis
1757 1909 1861 1942 scripsi
1878 1913 1905 1935 et
1919 1911 2059 1945 complevi
2072 1917 2203 1947 rogatus.

1196 2048 1315 2075 CCXIX
1333 2052 1352 2078 i.
1369 2065 1401 2069 —
1418 2052 1639 2079 lustramentum
1657 2055 1773 2087 ejusdem
1788 2056 1970 2088 resiclaeiouis
1983 2062 2000 2084 ¹.

1266 2137 1484 2172 Transcriptum
1508 2144 1552 2165 est
1574 2141 1726 2174 cujusdam
1746 2143 1931 2171 resutacionis
1956 2146 1999 2172 sic
2022 2146 2201 2182 incipientis.

1267 2185 1299 2212 In
1323 2187 1438 2213 nomine
1463 2187 1590 2215 Domini.
1612 2190 1698 2216 Anno
1719 2191 1862 2219 dominice
1890 2194 2113 2230 {incarnationis}
2134 2198 2201 2224 mil-

1232 2234 1334 2261 lesimo
1361 2235 1562 2263 ducentesimo
1591 2238 1738 2266 tricesimo
1768 2242 1867 2273 tertio,
1896 2251 1970 2269 anno
1997 2245 2120 2278 septimo
2149 2246 2205 2272 do-

1231 2283 1301 2309 mini
1331 2283 1464 2317 Gregorii
1495 2286 1563 2312 noni
1592 2295 1680 2321 pape,
1711 2288 1868 2315 indictione
1898 2290 1952 2323 Vi,
1983 2293 2094 2319 mensis
2120 2294 2200 2327 junii

1231 2332 1277 2358 die
1302 2332 1400 2360 tercia.
1430 2333 1491 2359 Nos
1518 2334 1679 2362 Rainucius
1708 2336 1852 2364 Johannis
1877 2339 1971 2366 Coclei
1997 2345 2025 2367 et
2051 2341 2203 2370 Johannes

1231 2379 1359 2412 Coccus,
1376 2384 1421 2407 set
1445 2389 1498 2415 ego
1514 2381 1665 2410 Johannes
1689 2393 1744 2411 una
1760 2394 1825 2412 cum
1843 2387 1919 2413 dieto
1942 2388 2082 2416 Rainucio
2100 2396 2202 2425 patruo

1231 2433 1259 2455 et
1281 2433 1412 2455 curatore
1437 2438 1500 2456 meo
1524 2431 1589 2457 dato
1614 2433 1701 2459 michi
1723 2434 1751 2460 in
1777 2435 1830 2461 1130
1856 2444 1884 2461 10
1910 2441 2020 2464 tantum
2043 2448 2058 2464 a
2084 2439 2201 2466 domino

1229 2477 1361 2504 Johanne
1379 2477 1439 2504 Poll
1455 2480 1559 2505 comite
1576 2480 1660 2511 Albe,
1681 2486 1708 2508 et
1723 2482 1774 2509 Dei
1793 2484 1883 2517 gratia
1899 2486 1972 2511 alme
1988 2485 2077 2513 Urbis
2094 2488 2203 2514 illustri

1230 2529 1378 2558 senatore,
1395 2529 1424 2553 et
1447 2534 1499 2553 nos
1518 2527 1689 2555 Valentinus
1709 2529 1862 2564 Valentini,
1881 2532 1979 2560 Guitto
1996 2538 2023 2560 et
2044 2534 2200 2562 Bonaven-

1234 2678 1257 2704 1.
1276 2677 1289 2704 3
1303 2679 1367 2712 juin
1387 2678 1462 2705 1233.
1483 2694 1519 2699 -
1538 2679 1669 2707 Rainuce
1685 2681 1779 2709 Coclei
1798 2688 1825 2710 et
1841 2692 1889 2711 ses
1905 2690 2111 2719 aymus-cause
2127 2688 2201 2714 don-

1196 2730 1265 2752 nent
1280 2726 1422 2760 0001131ςο
1442 2735 1478 2753 au
1500 2736 1572 2762 pape
1590 2728 1728 2763 Gregoire
1745 2730 1798 2764 lx,
1816 2733 1830 2757 ξι
1846 2732 1871 2757 la
1887 2741 2040 2761 commune
2055 2735 2090 2761 de
2106 2736 2201 2763 Rome

1195 2777 1224 2799 et
1239 2775 1254 2800 a
1269 2774 1339 2800 celle
1355 2774 1389 2800 de
1408 2774 1535 2806 Viterbe,
1552 2776 1586 2802 de
1602 2780 1699 2803 tontes
1714 2778 1756 2804 les
1772 2780 2002 2808 revendications
2014 2783 2098 2816 qu'ils
2112 2793 2202 2819 pour-

1195 2822 1288 2848 raient
1310 2822 1404 2848 e'lever
1425 2824 1440 2848 a
1463 2823 1529 2849 titre
1552 2824 1586 2850 de
1609 2825 1915 2860 dommages-interets
1939 2838 2010 2861 pour
2032 2831 2075 2857 les
2098 2832 2202 2867 degats

1195 2869 1277 2896 subis
1294 2878 1343 2904 par
1359 2878 1414 2896 eux
1430 2872 1555 2905 pendant
1568 2873 1593 2898 la
1606 2881 1721 2907 guerre,
1738 2875 1762 2900 le
1780 2884 1851 2910 pape
1866 2877 1928 2903 leur
1941 2882 2026 2913 ayant
2041 2883 2124 2907 verse
2140 2890 2200 2908 une

1195 2925 1306 2944 somme
1327 2918 1362 2944 de
1384 2919 1465 2950 ’2,500
1486 2920 1588 2953 livi-es,
1611 2930 1661 2956 par
1677 2922 1797 2957 laquelle
1817 2925 1852 2950 ils
1875 2933 1906 2951 se
1926 2925 2071 2954 declarent
2086 2929 2199 2956 indem—

1195 2972 1284 2992 111505.
