2392 3571
112 346 168 374 472

147 410 214 436 dnm
240 410 411 443 premissum
437 411 615 433 contractum
642 407 685 431 eis
709 405 842 439 opitulari
864 405 1043 439 potuissent,
1068 406 1118 429 aut

148 457 259 491 possint
285 456 400 481 forsitan
427 456 452 480 in
478 455 616 480 futurum.
639 452 729 479 Cuius
746 453 787 479 rei
804 453 896 486 rogati
912 456 981 478 sunt
1001 455 1092 477 testes
1111 461 1115 475 :

147 505 283 531 dominus
309 503 410 529 Donus
442 505 570 536 potestas
595 501 728 535 Anagnie
755 506 783 526 et
809 500 945 526 dominus
967 499 1118 525 Johannes

143 553 234 586 judex
249 552 323 577 dicte
339 550 500 585 potestatis,
518 550 655 583 magister
671 548 817 574 Rom-idus
833 547 964 580 Huberti,
983 547 1118 573 dominus

150 601 255 626 Petrus
273 599 398 625 Lodoisii
415 602 443 624 et
458 598 592 624 dominus
608 597 787 623 Tholomeus
803 597 868 622 eius
885 595 1118 626 tilius,don1inus

148 648 350 674 Trasmundus
386 647 421 672 de
449 646 590 677 Zancato,
619 646 757 679 magister
785 644 927 670 Martinus
958 644 992 669 de
1022 642 1118 669 Brixia

148 697 272 731 scriptor
287 696 394 721 domini
410 703 490 729 pape,
505 694 642 728 magister
658 694 771 723 Amato.
785 693 869 719 frater
884 692 1022 722 Jacobus,
1034 691 1118 716 frater

150 744 314 779 hospitatis,
342 744 501 770 Randisius
523 742 558 768 de
582 742 737 773 Porciano,
762 741 900 767 Nicolaus
922 740 1026 766 Pacius
1049 747 1118 773 apo-

150 793 297 820 thecarius
313 796 341 818 et
356 792 427 818 Octo
443 791 554 817 Nicolai
571 790 735 819 Seniorilis,
753 794 850 816 testes.

184 841 219 867 Et
241 849 295 874 ego
315 839 464 866 Johannes
485 839 617 865 'l‘affurus
637 839 826 872 Anagninus,
849 840 1032 863 sacrosancte
1055 835 1117 861 Ro-

149 898 231 916 mane
249 889 370 915 ecclesie
387 888 572 918 scriniarius,
590 888 644 913 hoc
660 887 883 913 instrumentum
905 885 1015 919 propria
1033 892 1117 910 manu

147 938 252 971 scripsi
268 942 294 963 et
311 937 426 970 signum
444 937 508 962 feci.

113 1090 236 1117 CCXIX
253 1091 278 1118 b.
293 1104 330 1110 —
353 1091 570 1116 lustramentum
591 1090 770 1121 refutacionis
785 1089 961 1113 dominarum
980 1087 1118 1119 quondam

150 1141 279 1166 Fumonz's
291 1140 310 1166 ¹.

188 1241 248 1267 Hoc
265 1244 308 1266 est
326 1240 532 1273 transcriptum
547 1239 729 1264 instrumenti
743 1238 927 1263 refutavimus
939 1237 1118 1262 dominarum

152 1288 296 1323 quondam
321 1289 406 1314 castri
437 1287 573 1313 Fumouis
599 1295 686 1320 super
710 1286 772 1320 ipso
794 1289 906 1316 castro,
929 1286 1014 1318 cujus
1037 1288 1119 1310 tenor

151 1337 216 1363 tatis
231 1341 285 1363 est.

186 1387 205 1418 »ᾗ
225 1385 256 1411 In
281 1386 395 1410 nomine
423 1384 550 1415 Domini,
572 1392 665 1409 amen,
690 1384 773 1408 Anno
799 1382 862 1416 ejus
889 1382 1040 1407 millesimo
1065 1381 1119 1407 du-

149 1435 309 1460 centesimo
338 1433 483 1458 tricesimo
514 1433 612 1463 tertio,
640 1431 823 1465 pontiticatus
848 1430 954 1456 domini
986 1430 1119 1463 Gregorii

153 1483 220 1508 noni
239 1490 309 1515 pape
326 1490 398 1506 anno
416 1481 554 1515 septimo,
579 1480 734 1505 indictione
751 1488 787 1504 vu
799 1501 805 1512 ‚
828 1480 936 1504 mensis
953 1478 1119 1504 novembris

150 1530 198 1556 die
214 1534 325 1562 octavo,
349 1530 463 1554 domina
485 1528 589 1554 Peeilia
617 1537 686 1553 uxor
702 1527 809 1553 domini
834 1527 1007 1560 Alexandri,
1023 1531 1052 1553 et
1067 1527 1120 1553 do-

151 1579 228 1603 mina
254 1578 390 1603 Adalasia
420 1585 510 1603 nurus
537 1577 683 1610 ejusdem⁷
713 1584 746 1602 ac
773 1575 889 1601 domina
912 1575 1021 1601 Jacoba
1049 1584 1120 1602 uxor

150 1626 259 1652 domini
284 1626 475 1651 Bartholomei
497 1625 649 1651 custodum
668 1624 735 1650 olim
754 1632 837 1650 rocce
853 1628 881 1650 et
902 1624 988 1650 castri
1015 1623 1120 1650 Fumo-

153 1675 209 1705 nis,
227 1675 378 1700 certiorate
396 1674 510 1707 dejure
525 1674 730 1708 ypotlieearum
751 1673 825 1707 quod
847 1673 989 1699 habebant
1014 1673 1057 1699 vel
1078 1673 1121 1699 eis

152 1727 315 1756 competere
340 1725 449 1756 poterat
472 1721 498 1746 in
524 1722 605 1746 bonis
629 1721 795 1746 maritorum
813 1725 839 1746 et
856 1721 959 1751 soceri,
977 1729 1010 1746 ac
1032 1720 1121 1746 ‹lona—

151 1771 239 1796 tionis
263 1773 376 1804 propter
401 1770 528 1804 nuptias,
547 1778 612 1795 cum
636 1769 712 1795 omni
733 1770 799 1803 jure
822 1768 898 1803 quod
924 1770 1064 1795 habebant
1086 1778 1120 1795 ex

151 1818 365 1847 donationibus,
385 1826 439 1843 non
458 1822 591 1851 respectu
609 1817 698 1848 dotis,
717 1818 759 1843 eis
776 1817 859 1843 saetis
877 1817 911 1842 tle
935 1818 1017 1843 bonis
1033 1817 1075 1843 vel
1092 1818 1120 1843 in

152 1866 236 1892 bonis
254 1866 457 1900 predictorum,
477 1867 719 1892 renunciaverunt
740 1870 768 1892 et
784 1867 958 1892 remiserunt
974 1875 1058 1892 omne
1071 1867 1122 1900 jus

152 1919 180 1941 et
197 1923 310 1941 omnem
332 1915 473 1940 actionem
494 1919 706 1948 competentem
732 1920 759 1941 et
784 1915 1002 1949 competituram
1023 1915 1076 1940 sibi
1093 1915 1120 1941 in

152 1964 234 1990 bonis
258 1965 299 1989 vel
321 1964 355 1988 ds·
377 1964 459 1988 lionis
482 1973 538 1997 que
561 1964 704 1998 quon-lam
723 1964 844 1997 predieti
868 1964 976 1990 domini
996 1965 1122 1990 Alexan—-

151 2013 201 2038 der
224 2018 250 2038 et
276 2012 493 2037 Bartlinlonwus
516 2013 677 2037 habuerunt
700 2017 728 2038 et
753 2017 907 2038 tenuerunt
927 2013 1071 2046 quondam
1093 2012 1121 2038 in

151 2066 247 2087 castro
263 2065 290 2086 et
307 2061 451 2086 territorio
476 2060 628 2092 Fumonis,
651 2062 790 2095 magistro
810 2061 944 2087 Roffredo
969 2061 1068 2087 Uberti
1089 2061 1122 2086 de

153 2109 286 2142 Anagnia
309 2109 416 2135 domini
442 2118 511 2143 pape
542 2109 688 2139 familiari,
717 2109 833 2135 nomine
857 2109 964 2135 domini
988 2109 1122 2143 Gregorii

153 2158 219 2183 noni
245 2166 315 2191 pape
337 2162 363 2182 et
390 2157 518 2183 Romane
535 2158 657 2183 ecclesie
683 2158 849 2192 recipienti,
868 2158 953 2184 nichil
974 2159 1050 2192 juris
1067 2158 1122 2184 sibi

151 2206 256 2231 exinde
281 2210 480 2236 reservantes3
506 2210 533 2231 et
559 2207 753 2239 promiserunt
779 2210 834 2232 tam
859 2206 984 2240 predicta
1007 2206 1123 2232 domina

154 2253 257 2280 Pecilia
278 2263 361 2287 qnam
384 2254 499 2280 «lomina
522 2254 657 2280 Adalasia
681 2263 771 2281 nurus
793 2256 857 2288 ejus
879 2263 931 2280 nec
948 2263 1003 2281 non
1023 2258 1051 2280 et
1071 2255 1123 2281 do-

152 2302 226 2327 mina
242 2302 349 2327 Jacoba
375 2302 451 2327 dieto
474 2302 611 2336 magistro
634 2302 769 2329 Roth-edo
794 2303 949 2337 predictam
968 2303 1122 2329 renuncia-

151 2350 262 2376 cionem
280 2355 305 2376 et
324 2351 522 2376 remissionem
542 2352 684 2384 premisso
700 2351 784 2377 modo
801 2352 903 2377 saetam
920 2352 1035 2377 domino
1052 2360 1123 2386 pape

152 2402 181 2424 et
197 2398 324 2424 Romane
342 2400 474 2429 eeclesie,
490 2408 581 2433 perse
597 2408 725 2433 suo-:que
742 2400 862 2426 heredes
877 2408 909 2425 ac
923 2408 1121 2431 successores,

155 2451 242 2474 ratam
260 2451 287 2473 et
304 2448 412 2473 firmani
430 2449 534 2474 habere
551 2453 577 2474 et
593 2454 692 2474 contra
708 2458 769 2475 eam
788 2450 864 2475 nullo
881 2450 1024 2483 exquisito
1042 2449 1123 2483 inge-

153 2496 199 2522 nio
224 2497 334 2527 venire,
360 2497 560 2530 promittentes
583 2506 755 2531 unaqueque
778 2498 831 2523 sub
854 2506 924 2531 pena
947 2498 1026 2532 dupli
1047 2498 1124 2524 illius

152 2546 227 2579 quod
253 2555 301 2579 per
324 2546 377 2571 talc
396 2547 447 2579 jus
473 2546 655 2572 intenderent
679 2555 812 2573 revocare
841 2555 891 2572 seu
917 2547 1068 2573 vendicare
1094 2547 1122 2573 in

154 2594 310 2627 legitimam
328 2594 538 2628 stipulationem
556 2595 688 2625 deduc-ta,
708 2594 877 2628 premissam
896 2596 1122 2621 convencionem

153 2646 242 2668 ratam
260 2643 363 2667 habete
380 2648 406 2667 et
423 2646 522 2668 contra
542 2652 603 2668 eam
623 2644 698 2669 nulla
715 2644 822 2669 ratione
840 2644 951 2676 venire,
970 2648 1029 2669 rato
1046 2653 1123 2670 sem-

156 2822 180 2846 i.
198 2823 212 2847 ὃ
231 2823 384 2847 novembre
406 2823 481 2848 1233.
499 2837 530 2841 —
550 2822 664 2852 l'ecilia,
683 2823 816 2849 Adalasia
831 2829 857 2850 et
873 2824 991 2857 Jacoba,
1009 2834 1125 2859 respec-

120 2870 257 2895 tivement
283 2872 401 2895 l'emmes
427 2871 477 2895 des
500 2871 570 2896 trois
594 2872 766 2904 signataires
788 2872 822 2898 de
847 2873 927 2898 l'a‹·tc
952 2874 1123 2907 precedent,

121 2922 293 2946 renone-ent.
317 2928 349 2943 en
373 2928 404 2943 ee
427 2919 475 2952 (pii
499 2923 565 2952 peut
587 2920 627 2944 les
648 2928 821 2952 concerner,
843 2922 858 2946 a
879 2925 944 2947 tous
965 2922 1055 2948 ‹lroits
1074 2931 1124 2949 sui·

119 2967 212 2993 Casta-t
232 2966 367 2993 Fumone.

659 341 707 369 LE
732 339 875 369 LIBER
898 338 1131 368 CENSUUM
1156 337 1208 366 DE
1234 327 1419 365 L'EGLISE
1443 335 1652 365 ROMAINE.

1236 411 1285 436 por
1303 406 1434 427 manente
1456 406 1537 434 pacto
1555 402 1695 435 premisse
1713 401 1935 433 convencionis‚
1954 404 2018 434 post
2036 409 2106 434 pene
2123 401 2204 427 solu-

1235 451 1353 476 tionem.
1372 450 1463 483 Cujus
1483 449 1523 475 rei
1549 449 1638 483 rogati
1662 453 1729 474 sunt
1753 452 1842 475 testes
1859 460 1864 474 :
1883 448 2025 483 presbiter
2044 448 2204 482 Gregorius

1235 503 1335 523 sancte
1351 497 1442 524 Olive.
1457 497 1592 522 dominus
1610 495 1724 522 Landus
1740 498 1899 522 eanonicus
1915 496 2098 530 Anagninus‚
2114 495 2206 522 domi-

1237 554 1292 571 nus
1312 545 1436 571 Gentilis
1459 545 1493 570 de
1516 544 1606 578 Pileo,
1629 544 1767 571 Nicolaus
1788 544 1957 571 Ausridonis
1979 548 2007 570 et
2027 544 2203 578 Gualterius‚

1236 597 1336 619 testes.

1272 642 1306 668 Et
1328 650 1381 675 ego
1404 641 1554 668 Johannes
1575 641 1708 667 Taffurus
1729 641 1913 675 Anagninus‚
1935 645 2119 667 sacrosancte
2144 640 2205 667 Ro-

1236 698 1318 716 mane
1339 690 1460 716 ecelesie
1481 690 1661 720 scriniarius,
1678 690 1732 715 hoc
1748 690 1972 716 instrumentum
1992 689 2104 723 propria
2120 697 2205 715 manu

1235 738 1351 772 scripsi,
1364 742 1392 764 et
1408 738 1471 772 sign
1479 747 1524 764 um
1542 738 1607 764 feci.

1200 891 1322 918 CCXIX
1343 901 1366 917 c.
1391 905 1426 911 —
1454 893 1672 918 lnstrumentum
1696 892 1855 917 donationis
1880 892 1956 917 [foece
1981 892 2072 918 Carlei
2096 891 2206 916 domino

1233 947 1301 973 pape
1315 947 1364 973 pei·
1380 940 1523 965 ‹loiizi'nain
1540 940 1703 971 ,visandam
1716 941 1734 964 ¹.

1272 1040 1335 1066 Hoc
1358 1045 1401 1066 est
1425 1041 1628 1074 transcriptum
1654 1039 1806 1073 cujusdam
1833 1039 2017 1065 instrumenti
2042 1039 2207 1066 donationis

1236 1088 1333 1114 Rocce
1351 1088 1458 1120 Cat-lei,
1477 1089 1563 1120 cujus
1579 1093 1660 1113 tenor
1675 1088 1738 1113 talis
1755 1092 1810 1114 est.

1272 1137 1302 1162 In
1333 1138 1446 1162 nomine
1474 1136 1604 1166 Domini,
1633 1144 1731 1163 amen.
1757 1136 1843 1162 Anno
1866 1136 2075 1162 incarnationis
2100 1135 2208 1162 Christi

1237 1185 1388 1210 millesimo
1405 1184 1604 1210 ducentesimo
1619 1185 1771 1210 trecesimo
1788 1184 2088 1218 p1·imo‚pontificatus
2101 1183 2209 1210 domini

1237 1233 1370 1267 Gregorii
1389 1242 1459 1267 pape
1477 1233 1541 1258 noni
1558 1241 1632 1258 anno
1650 1232 1766 1266 quinto,
1786 1233 1894 1259 mensis
1910 1233 2037 1259 octobris
2053 1233 2098 1258 die
2116 1240 2206 1267 nona,

1237 1282 1394 1307 indictione
1406 1282 1515 1315 quinta.
1530 1280 1589 1315 Ego
1603 1281 1858 1311 Aitt.1nda1unttct·,
1872 1285 1961 1307 mater
1976 1285 2004 1306 et.
2021 1281 2105 1306 heres
2115 1289 2209 1315 quon-

1238 1330 1301 1356 dam
1326 1329 1490 1355 'l'ranserici
1514 1330 1548 1355 de
1574 1329 1668 1355 ltocca
1692 1329 1854 1361 Cat-leonis,
1881 1330 1957 1355 sicut
1980 1337 2014 1355 ex
2037 1332 2208 1355 testamento

1238 1378 1369 1412 ejusdem
1388 1378 1435 1403 filii
1454 1378 1508 1403 mei
1526 1378 1674 1403 evidenter
1690 1382 1818 1411 apparet,
1833 1378 1884 1403 hac
1899 1378 1943 1403 die
1961 1377 2096 1412 presenti,
2112 1377 2210 1403 eonsi-

1238 1427 1390 1453 deraeione
1402 1426 1497 1451 divine
1516 1426 1628 1459 pietatis
1646 1426 1772 1456 inducta,
1786 1434 1836 1460 pro
1850 1426 1974 1451 remedio
1991 1434 2105 1459 quoqne
2115 1425 2209 1451 anime

1239 1484 1300 1502 mee
1317 1479 1345 1501 et
1357 1475 1487 1509 jamdicti
1504 1475 1553 1501 filii
1567 1475 1620 1500 inei
1633 1483 1666 1500 ac
1676 1475 1796 1500 aliorum
1816 1478 1964 1508 parentum
1980 1483 2119 1505 meorum,
2134 1474 2209 1500 nulla

1240 1525 1266 1550 vi
1283 1529 1381 1550 coacta
1397 1524 1438 1549 vel
1452 1524 1515 1549 dolo
1531 1524 1651 1549 seducta
1668 1528 1711 1549 set
1729 1523 1842 1557 propria
1854 1527 1881 1549 et
1893 1527 2050 1557 spontanea
2065 1523 2210 1549 voluntate

1238 1577 1267 1599 et
1283 1573 1378 1598 animo
1397 1572 1516 1603 liberali,
1529 1573 1597 1606 jure
1613 1572 1782 1598 donacionis
1800 1573 1873 1597 iuter
1889 1572 1969 1597 viros
1983 1571 2029 1605 do,
2041 1571 2126 1604 dono,
2139 1571 2210 1597 cedo

1239 1626 1267 1648 et
1289 1621 1513 1647 irrevocabiliter
1535 1620 1615 1646 trado
1640 1620 1874 1646 reverentissimo
1891 1624 1919 1646 et
1935 1620 2121 1646 sanctissimo
2138 1620 2210 1654 patri

1239 1670 1356 1696 domino
1381 1670 1521 1703 Gregorio
1549 1678 1639 1701 nono,
1666 1673 1766 1694 sancte
1787 1668 1917 1694 Romane
1942 1668 2072 1694 Ecclesic
2096 1676 2211 1694 summo

1241 1719 1368 1754 pontifici
1385 1724 1412 1744 et
1431 1718 1586 1744 universali
1606 1726 1676 1752 pape
1688 1726 1721 1743 ac
1734 1717 1966 1747 suecessoribus,
1982 1720 2082 1751 perte,
2095 1716 2210 1742 domine

1243 1768 1410 1797 Benedicta,
1439 1766 1544 1792 domini
1573 1774 1645 1800 pape
1671 1766 1844 1797 camerarie,
1873 1766 2070 1799 procuratorio
2097 1764 2211 1790 nomine

1240 1817 1381 1850 ipsorum,
1399 1815 1475 1840 etad
1497 1823 1570 1848 opus
1594 1818 1621 1839 et
1646 1814 1796 1839 utilitatem
1822 1814 1950 1847 ipsorum
1973 1817 2057 1846 atque
2082 1812 2211 1838 Romane

1241 1865 1371 1891 Ecclesie
1389 1864 1413 1888 in
1433 1866 1614 1897 perpetuum,
1634 1861 1766 1887 videlicet
1785 1861 1908 1887 ltoceam
1926 1861 2016 1886 Carlei
2034 1869 2098 1886 cum
2116 1860 2212 1886 omni-

1242 1914 1296 1939 bus
1315 1913 1431 1946 juribus
1455 1916 1482 1937 et
1505 1911 1692 1946 pertinenciis
1714 1910 1775 1936 suis
1800 1911 1878 1936 intus
1898 1914 1925 1935 et
1941 1914 2036 1941 extra,
2054 1918 2118 1935 cum
2136 1909 2212 1935 teni-

1241 1967 1337 1987 mento
1361 1966 1388 1986 et
1418 1960 1673 1994 possessionibus,
1701 1959 1799 1989 terris¹
1827 1958 2010 1988 hominibus,
2033 1958 2165 1983 serViciis
2184 1961 2212 1984 et

1241 2010 1377 2036 omnibus
1396 2009 1459 2034 aliis
1485 2009 1567 2033 bonis
1592 2007 1787 2033 immobilibus
1810 2006 1878 2033 dieti
1902 2007 2045 2041 quondam
2071 2006 2121 2032 titii
2145 2006 2210 2036 mei.

1243 2060 1409 2092 ubicunque
1433 2059 1549 2084 inventa
1568 2057 1683 2088 fuerint,
1701 2060 1785 2090 prout
1809 2056 1882 2081 idem
1906 2056 1983 2081 filius
2007 2064 2088 2081 meus
2110 2055 2212 2081 diebus

1242 2109 1298 2133 vite
1320 2116 1372 2133 sue
1397 2107 1484 2132 libere
1512 2110 1539 2131 et
1565 2106 1680 2140 pacifice
1706 2105 1819 2135 habuit,
1843 2105 1936 2130 tenuit
1964 2109 1991 2130 et
2016 2103 2156 2138 possedit,
2184 2106 2213 2129 et

1243 2157 1329 2182 michi
1355 2157 1422 2189 jure
1451 2154 1614 2180 testamenti
1641 2154 1684 2178 rel
1708 2153 1908 2178 successionis
1931 2161 1982 2178 seu
2005 2153 2059 2178 alio
2084 2151 2213 2186 quolibet

1238 2207 1305 2239 jure
1328 2205 1370 2230 vel
1395 2204 1478 2229 modo
1501 2204 1660 2237 pertinent,
1679 2202 1722 2227 vel
1740 2202 1882 2236 pertinere
1905 2205 2045 2235 possunt·‚
2063 2204 2091 2226 et
2115 2209 2130 2226 a
2146 2208 2212 2234 pre-

1242 2254 1317 2280 senti
1333 2253 1384 2285 do,
1407 2253 1493 2281 cedo,
1516 2251 1618 2277 mando
1638 2256 1665 2276 et
1686 2251 1774 2276 libere
1791 2250 1932 2276 transfero
1949 2258 1998 2283 per
2021 2253 2061 2280 te,
2086 2249 2211 2283 predicte

1242 2302 1356 2327 domine
1373 2301 1536 2330 camerarie,
1560 2301 1585 2325 in
1609 2300 1704 2333 ipsum
1722 2299 1870 2324 dominum
1890 2306 1989 2332 papam
2010 2302 2037 2323 et
2058 2305 2213 2323 successo-

1242 2360 1288 2377 res
1305 2358 1375 2375 suos
1398 2359 1446 2384 pro
1474 2349 1601 2374 Romana
1619 2348 1755 2378 Ecclesia,
1775 2351 1866 2373 totum
1880 2348 1930 2380 jus
1946 2350 1972 2372 et
1992 2354 2104 2372 omnem
2123 2345 2212 2372 actio-

1243 2408 1306 2425 nem
1326 2399 1422 2424 utilem
1444 2403 1472 2423 et
1493 2398 1630 2423 directam
1650 2401 1677 2422 et
1697 2396 1897 2430 exceptionem
1916 2396 2030 2421 tacitam
2047 2398 2076 2421 et
2090 2402 2212 2429 expres-

1242 2456 1314 2479 sam,
1330 2446 1404 2480 qnod
1422 2455 1551 2479 quasque
1569 2446 1658 2471 habeo
1672 2449 1700 2470 et
1713 2445 1797 2470 michi
1811 2448 1979 2478 competunt
1992 2444 2034 2469 vel
2047 2446 2212 2476 competere

1244 2500 1365 2530 possunt
1387 2499 1486 2520 contra
1509 2494 1745 2519 communitatem
1763 2493 1889 2518 civitatis
1904 2491 2076 2517 Nat-niensis
2090 2494 2118 2516 et
2130 2491 2212 2516 aliam

1242 2552 1444 2578 quamcunque
1470 2550 1620 2577 personam
1644 2550 1731 2575 super
1754 2540 1880 2575 predicta
1903 2548 1985 2565 rocca
2004 2543 2032 2565 ct
2055 2540 2214 2565 tenimento

1242 2593 1372 2626 ejusdem
1404 2599 1486 2616 roceo
1516 2599 1600 2624 quani
1633 2590 1706 2616 dieta
1736 2589 1929 2615 communitas
1958 2596 2008 2622 per
2045 2587 2213 2613 violenciam

1242 2642 1350 2667 detinet
1387 2645 1576 2674 occupatam,
1615 2644 1669 2664 tam
1705 2638 1837 2663 videlicet
1875 2637 1909 2662 ad
1948 2636 2091 2670 agendum
2127 2643 2212 2669 quam

1246 2823 1267 2848 l.
1288 2821 1406 2859 Rietip‘.)
1423 2821 1540 2846 octobre
1562 2820 1637 2846 1231.
1660 2833 1696 2838 —-
1714 2818 1860 2849 Alil'anda,
1885 2819 1961 2843 tn'ere
1979 2822 2007 2842 et
2029 2817 2161 2842 heriti‘ere
2177 2815 2213 2841 de

1206 2870 1376 2897 Transerieo
1400 2871 1430 2895 tle
1453 2870 1532 2895 [focca
1554 2869 1703 2900 Uar-lconis,
1722 2867 1816 2893 donne
1837 2867 1861 2892 la
1878 2866 2045 2899 seigneurie
2062 2865 2095 2890 tle
2116 2865 2212 2891 Rooca

1207 2919 1297 2946 Carlei
1316 2920 1392 2953 (pr'es
1411 2917 1551 2948 Miranda,
1566 2916 1601 2942 cf.
1619 2923 1648 2942 n⁰
1663 2917 1770 2947 ecbxm)
1788 2924 1822 2941 au
1841 2923 1911 2949 pape
1929 2914 2068 2947 Gregoire
2086 2913 2144 2944 IX,
2164 2921 2212 2938 re-

1209 2970 1343 3003 preseute
1361 2976 1408 3001 par
1425 2975 1477 2992 son
1493 2966 1632 2992 camel-ier
1650 2964 1761 2990 Benoit.
