2392 3571
0 3544 57 3571 b..

626 348 676 377 1AE
700 348 844 378 LIBER
867 348 1101 379 CENSUUM
1126 348 1180 377 DE
1203 339 1389 378 L'EGLISE
1414 349 1622 379 ROMAINE.
2115 352 2175 382 485

117 413 282 441 millesimo
303 413 506 441 ducentesimo
531 415 682 443 tricesimo
701 415 798 449 lertio,
817 415 1014 452 pontificatus
1032 415 1085 442 do-

118 467 200 494 mini
214 466 351 502 Greyorii
365 475 441 504 pape
456 468 622 495 nonianno
634 472 725 501 seaeto,
744 476 843 495 mense
857 468 1022 503 februario,
1038 467 1086 495 die

115 519 235 555 primal.
268 519 435 548 indictione
456 525 551 548 sexta.
573 520 630 548 Nos
655 520 890 548 Transmundus
911 520 945 548 dc
970 521 1082 554 Tincto,

117 571 210 599 Lucas
232 572 267 600 de
287 571 426 607 Paliano,
446 572 554 600 Petrus
571 573 705 603 Pinetus.
724 573 932 601 Bai-tolomeus
947 573 1083 607 Vinctus,

119 624 225 657 Petrus
237 625 272 653 de
283 625 421 660 catiano,
439 626 564 654 Jacobus
575 630 601 654 et
617 626 788 662 Unqarus',
806 626 911 654 Petrus
927 626 1045 654 i'ctulus
1060 631 1086 654 et

120 677 248 706 Thomas
263 678 381 706 Nicolai
396 678 430 706 de
447 678 532 712 Miro,
554 678 736 706 Theobaldus
751 678 888 715 Grcssorii
901 683 926 706 et
942 679 1086 707 Nicolaus

118 729 356 763 Maccarannus,
374 730 493 758 domini
509 729 544 757 de
559 730 697 764 Paliano,
716 730 771 759 hac
786 730 834 757 die
850 731 994 767 presenti,
1013 739 1086 767 pro—

116 783 199 818 pria,
225 782 318 809 libera
338 786 364 809 et
384 786 548 818 spontanea
572 782 726 810 voluntate
750 783 909 810 vendimus
925 787 950 810 et
969 784 1085 811 irrevo-

116 833 257 862 cabiliter
276 834 430 862 tradimus
453 834 507 862 tibi
526 835 673 871 mayistro
695 835 793 863 Boetia
815 835 922 863 clerico
943 840 968 863 et
989 836 1085 870 sarni-

117 886 194 914 liari
217 886 337 914 domini
358 895 448 924 pape,
474 888 688 923 procuratorio
715 888 839 915 nomine
862 888 1023 924 recipienti
1046 887 1085 915 ad

116 947 190 976 opus
205 943 231 966 et
253 948 358 967 nomen
379 939 498 967 donzini
518 947 594 976 pape
613 940 750 975 G1·eao›·ii
767 948 954 976 suorumque
969 949 1084 968 succes-

115 1000 219 1019 sorum
238 996 264 1019 ct
283 992 412 1020 Romane
427 992 546 1020 ecclesie
563 993 593 1019 in
612 996 791 1029 perpetuum
809 1002 818 1019 :
834 992 972 1021 videlicet
992 997 1082 1021 totam

117 1048 142 1072 et
166 1044 320 1080 inteyram
337 1049 455 1081 partem
482 1049 616 1073 nostram
646 1053 727 1073 rocce
747 1049 772 1073 et
795 1045 889 1073 castri
910 1045 1035 1073 Paliani
1059 1049 1084 1073 et

116 1105 198 1125 roccc
213 1101 239 1125 et
255 1097 348 1125 castri
365 1097 514 1132 Serranis,
534 1106 602 1125 eum
615 1097 754 1125 domibus
769 1102 794 1125 et
811 1097 958 1126 casalinis
972 1106 1048 1134 quas
1058 1102 1085 1126 et

116 1158 173 1186 que
192 1150 223 1178 in
244 1150 388 1187 predictis
405 1151 500 1178 roccis
519 1150 663 1178 habemus
686 1154 712 1178 et
735 1150 818 1178 nobis
838 1154 1010 1187 competunt
1027 1159 1084 1187 pro

117 1203 216 1231 diuiso
235 1204 279 1232 cel
296 1203 440 1237 indiuisa.
458 1211 525 1231 cum
547 1203 633 1231 omni
648 1203 731 1239 jure,
747 1203 969 1240 jurisdictione
990 1208 1016 1231 et
1032 1212 1083 1232 ac-

117 1257 207 1287 tione.
229 1255 366 1284 don1inio
388 1261 413 1284 et
437 1256 559 1291 honore,
583 1262 608 1284 et
630 1261 689 1284 tam
712 1257 742 1284 in
762 1257 854 1285 terris
871 1265 963 1292 aziam
983 1257 1015 1284 in
1036 1257 1084 1285 vi-

115 1309 190 1343 ncis,
216 1309 365 1343 vassallis,
392 1308 556 1342 montibus,
576 1309 686 1345 pratis,
706 1308 805 1342 sitvis‚
824 1309 960 1342 collibus,
976 1309 1083 1346 plani-

115 1361 187 1394 eiis.,
215 1361 352 1398 pascuis.
382 1361 472 1398 aquis
497 1365 523 1389 et
548 1361 788 1389 comunitatibus
810 1361 978 1397 universis,
1004 1363 1082 1390 sicut

117 1413 201 1442 nobis
216 1418 388 1450 competunt
402 1423 458 1451 pro
475 1414 574 1442 diviso
592 1414 637 1442 vel
655 1414 789 1442 indiviso
803 1414 836 1442 in
851 1414 998 1451 predictis
1016 1423 1082 1443 cas-

117 1466 174 1494 tris
193 1467 277 1494 int-us
298 1471 323 1494 et
343 1471 429 1494 extra
450 1475 505 1503 per
528 1470 620 1494 totum
645 1475 747 1494 eorum
771 1467 961 1495 territorium
979 1471 1004 1495 et
1023 1467 1083 1495 dis-

117 1519 262 1554 trictum;
286 1519 391 1547 dantes
411 1519 506 1547 eidem
529 1519 652 1547 domino
673 1528 749 1556 pape
762 1519 887 1556 plenam
909 1524 935 1548 ct
956 1520 1083 1548 liberam

113 1575 287 1608 potestatem
305 1571 450 1600 intrandi
465 1576 491 1600 et
509 1571 682 1609 accipiendi
693 1580 749 1608 per
763 1580 792 1600 se
807 1572 854 1600 vel
865 1580 921 1609 per
932 1581 1083 1609 procura-

116 1629 212 1653 torem
234 1633 327 1652 suum.
353 1625 534 1653 auctoritate
553 1625 681 1662 propria
703 1625 917 1661 possessionem
942 1625 1083 1653 omnium

112 1677 338 1714 predictorum,
356 1682 382 1705 et
403 1677 544 1713 habendi,
567 1677 703 1712 tenendi,
719 1677 894 1714 possidendi
909 1678 949 1706 ad
966 1687 1040 1715 opus
1057 1682 1084 1706 et

115 1731 283 1759 utilitatem
306 1731 437 1759 Romane
459 1730 577 1759 ecclesie
596 1731 631 1758 in
648 1735 830 1768 perpetuum
848 1732 954 1759 onmia
971 1739 1083 1768 supra-

116 1782 209 1812 dicta.
227 1783 263 1812 Et
277 1783 427 1820 quicquid
443 1792 496 1812 nos
512 1784 557 1812 vel
572 1784 636 1812 alia
652 1792 779 1820 persona
794 1793 850 1821 pro
864 1784 950 1812 nobis
965 1784 999 1813 de
1013 1793 1083 1821 pre-

117 1836 209 1865 dictis
227 1837 370 1865 omnibus
389 1836 586 1874 possidemus,
608 1845 627 1864 a
645 1837 778 1873 presenti
795 1837 1084 1866 constituimusnos

117 1890 242 1918 nominc
263 1890 393 1918 Romane
414 1890 534 1918 ecclesie
554 1890 721 1927 possidere,
747 1891 842 1919 salcis
859 1891 942 1919 nobis
958 1895 983 1918 et
999 1891 1084 1919 here-

117 1942 204 1971 dibus
230 1943 343 1971 nostris
370 1943 526 1971 universis
546 1943 781 1979 possessionibus
807 1947 832 1971 el
861 1943 945 1971 bonis
972 1944 1085 1971 nostris

115 1995 325 2024 immobilibus
354 2000 439 2024 extra
468 1995 657 2024 munitiones
681 1995 887 2032 predictorum
913 2000 1085 2024 castrorum

114 2048 234 2084 positis,
259 2052 286 2076 et
310 2048 452 2076 omnibus
472 2047 642 2076 redditibus
669 2048 867 2076 vassallorum
893 2052 1083 2082 nostrorum,

116 2101 197 2129 sieut
211 2100 393 2129 arbitrando
409 2099 578 2128 laudabunt
594 2099 738 2128 dominus
753 2100 924 2136 Stephanus
938 2100 972 2128 de.
987 2101 1086 2136 Anay-

117 2153 174 2181 nia
199 2153 319 2181 donzini
340 2161 416 2190 pape
441 2152 632 2189 capellanus,
658 2156 684 2180 et
709 2152 854 2180 dominus
875 2152 1029 2181 Johanncs
1053 2151 1086 2180 de

120 2205 304 2240 Gaviniano,
327 2210 352 2233 et
369 2205 513 2233 dominus
527 2205 680 2233 Johannes
699 2204 732 2232 de
747 2205 912 2241 Raynaldo,
933 2205 987 2242 qui
1001 2205 1086 2233 arbi-

119 2258 226 2287 trandi
256 2263 283 2286 et
313 2257 465 2286 laudandi
496 2266 588 2294 super
613 2258 668 2286 hoe
694 2262 875 2294 acceperunt
901 2266 920 2286 a
946 2258 1088 2294 partibus

117 2315 301 2348 potestatem,
313 2311 392 2339 sicut
408 2311 442 2339 in
457 2311 672 2347 compromisso
685 2310 795 2347 scripto
807 2319 862 2347 per
875 2319 1004 2339 manum
1019 2311 1086 2339 Ric-

119 2363 206 2393 cardi
221 2356 386 2392 scriniarii
398 2363 584 2392 continetur.
601 2363 685 2391 Hanc
700 2367 800 2391 autem
821 2362 1024 2391 venditionem
1035 2371 1087 2391 seu

119 2416 337 2445 alienationem
353 2420 380 2444 ct
397 2415 592 2444 traditionem
612 2415 752 2451 facimus,
771 2419 804 2443 ut
821 2415 935 2444 dictum
958 2420 1007 2451 est,
1028 2415 1090 2453 ipsi

120 2469 243 2498 domino
258 2477 334 2506 pape
349 2469 472 2505 suisque
485 2468 704 2496 successoribus
720 2472 747 2496 et
763 2468 895 2496 Romane
917 2468 1035 2496 ecclesie
1054 2468 1087 2496 in

118 2526 298 2559 perpetuum
322 2529 379 2558 pro
406 2529 437 2549 eo
458 2521 557 2558 pretio
581 2520 660 2557 quod
680 2520 793 2549 arbitri
817 2529 869 2548 seu*
891 2521 1088 2549 arbitrator-es

119 2573 291 2611 supradicti
307 2573 463 2602 laudando
482 2573 640 2607 taxabant,
657 2577 683 2601 et
699 2573 818 2608 fuerint
833 2573 1000 2608 arbitrati,·
1015 2581 1088 2610 pro-

121 2627 272 2655 mitte-ntes
299 2634 350 2654 nos
375 2634 481 2654 eorum
508 2625 735 2654 extimationem
763 2629 789 2654 et
815 2626 999 2654 taxationem
1016 2634 1088 2663 per-

82 2812 155 2839 pape
171 2803 311 2837 Gregoiro
326 2802 383 2833 lx,
401 2803 568 2837 represent&
584 2810 634 2836 par
648 2809 700 2828 son
716 2801 793 2828 clerc
809 2801 914 2835 Boece,
931 2805 997 2828 tous
1013 2802 1090 2828 leurs

80 2852 174 2879 droits
188 2860 239 2878 sur
257 2850 372 2877 Paliano
387 2854 416 2877 ct
432 2849 570 2883 Seri-one,
586 2858 659 2884 pour
675 2849 727 2876 des
742 2857 870 2876 sommes
885 2851 900 2876 ὲ
917 2849 1092 2876 determinet·

82 2908 133 2935 par
149 2900 192 2926 les
207 2899 340 2926 arbitres.

119 2949 143 2975 t.
165 2948 324 2982 Manquent
339 2948 376 2974 ici
393 2948 435 2974 les
451 2951 526 2974 mots
540 2947 654 2980 fratres,
674 2946 788 2972 Thomas
804 2947 940 2980 Babusus,
956 2947 1006 2981 qui
1026 2946 1092 2972 doi-

82 3000 151 3024 vent
165 2997 226 3023 &tre
243 2996 362 3023 retabtis
377 2996 491 3030 d'aprbs
507 2996 548 3022 les
565 2996 662 3030 pibces
677 2994 777 3021 CXXI
792 2997 820 3021 ct
835 2993 975 3021 CXXIII.

1205 419 1294 452 petuo
1311 420 1408 443 ratam
1430 421 1455 443 et
1474 421 1594 452 yratam
1612 417 1729 451 habere,
1749 422 1774 446 et
1797 418 1826 446 in
1845 419 1986 446 omnibus
2003 424 2167 457 acceptare,

1207 472 1232 495 et
1247 468 1344 504 pretio
1364 468 1442 504 quod
1460 469 1519 504 ipsi
1536 469 1705 498 laudabunt
1721 475 1863 507 perpetuo
1886 480 1939 499 nos
1960 473 2023 507 sore
2046 477 2170 501 conten-

1209 523 1260 547 tos.
1287 520 1320 547 Et
1337 520 1364 547 si
1382 520 1516 556 predicta
1536 522 1605 558 plus
1632 523 1742 556 calent,
1764 528 1857 551 totum
1879 533 1896 551 a
1917 525 2048 561 presenti
2069 525 2167 553 eidem

1207 571 1331 599 domino
1351 582 1425 609 pape
1449 578 1474 600 et
1499 573 1628 601 Romane
1648 575 1764 603 ecclesie
1786 576 1879 603 libera
1904 577 2057 605 roluntatc
2073 577 2170 606 dona-

1208 633 1275 652 mus
1290 629 1316 652 et
1331 626 1523 654 concedimus
1543 627 1622 655 inter
1639 629 1731 656 ciros.
1753 629 1787 656 Et
1802 629 1981 664 juramento
2002 640 2018 657 a
2037 631 2171 667 siliquiis

1209 681 1343 705 nostrum
1362 679 1560 714 corporaliter
1572 680 1696 715 prestito
1707 689 1761 716 per
1774 681 2000 717 stipulationem
2015 683 2172 719 promitti-

1208 738 1275 757 mus
1289 738 1343 766 pro
1361 730 1445 757 nobis
1459 735 1485 757 et
1502 731 1657 759 heredibus
1672 737 1698 759 ct
1713 735 1929 761 successoribus
1948 735 2071 768 nostris,
2091 735 2172 764 hano

1209 782 1424 815 venditionem,
1440 784 1671 819 promissionem
1688 789 1712 812 et
1730 785 1937 821 trcnlitionrnz,
1955 792 1980 815 et
1996 789 2101 816 omnia
2116 796 2171 816 su-

1203 834 1358 871 pradicta,
1380 839 1446 862 rata
1462 840 1488 863 ct
1503 835 1594 871 firma
1611 845 1726 873 semper
1745 837 1848 865 habere
1869 844 1893 865 ct
1908 844 2050 875 perpetuo
2068 840 2171 868 invio-

1207 887 1341 915 labiliter
1365 888 1536 921 observare,
1563 894 1588 916 ct
1612 898 1669 917 non
1693 895 1797 918 contra
1828 892 1947 925 Γεμῖνος
1970 892 2019 919 sed
2043 892 2070 919 si
2096 901 2172 929 opus

1206 944 1231 967 et
1259 948 1370 968 neeesse
1393 940 1498 975 suerit.
1527 941 1659 976 leaitimc
1683 942 1836 977 defendere
1861 944 1895 971 ab
1919 945 2005 972 omni
2027 953 2169 980 persona.

1208 992 1290 1025 Quod
1313 994 1340 1020 si
1355 993 1492 1029 predicta
1516 1002 1575 1021 non
1598 996 1837 1030 serrat-erimus,
1864 997 1906 1024 rel
1929 997 2056 1033 quolibet
2083 997 2170 1026 niodo

1206 1046 1310 1073 venire
1325 1047 1575 1082 temptaverimus
1591 1052 1696 1075 contra
1712 1049 1868 1084 premissa,
1882 1058 1991 1086 penam
2011 1050 2042 1078 in
2059 1059 2166 1087 supra-

1205 1099 1318 1136 scripto
1339 1100 1554 1136 cmnpromisso
1577 1105 1722 1129 statutam
1747 1101 1870 1129 domino
1893 1112 1967 1139 pape
1990 1108 2015 1131 et
2038 1104 2169 1131 Romane

1205 1152 1324 1179 ecclesie
1342 1152 1454 1188 inteyre
1470 1161 1523 1180 nos
1535 1153 1746 1189 promittimus
1761 1154 1924 1188 soluturos,
1942 1160 1967 1183 et
1980 1164 2054 1192 pene
2069 1156 2170 1184 soluta

1206 1204 1299 1239 hujus
1317 1205 1514 1238 venditionis,
1538 1206 1737 1234 alienationis
1755 1211 1780 1234 et
1802 1207 1978 1236 traditionis
1997 1213 2170 1237 contractus

1207 1259 1237 1286 in
1254 1267 1309 1286 sua
1324 1258 1548 1287 nichilominus
1556 1264 1733 1296 permaneat
1745 1260 1904 1295 firmitate.
1919 1261 1951 1288 Et
1961 1269 2016 1297 pro
2028 1261 2090 1289 hiis
2103 1270 2169 1289 om-

1204 1311 1295 1339 nibus
1309 1311 1443 1347 firmiter
1458 1316 1483 1339 et
1498 1311 1628 1347 fideliter
1641 1312 1836 1340 observandis
1851 1314 1956 1341 omnia
1973 1313 2047 1342 bona
2066 1318 2170 1342 nostra

1206 1365 1329 1393 mobilia
1352 1369 1379 1393 et
1400 1366 1585 1399 immobilia,
1606 1366 1709 1394 habita
1724 1371 1749 1394 et
1766 1366 1915 1401 habenda,
1935 1367 2029 1395 eidem
2047 1367 2171 1396 domino

1203 1426 1279 1454 pape
1294 1422 1320 1446 et
1336 1418 1468 1446 Romane
1484 1419 1602 1447 ecclesie
1617 1418 1787 1455 obligamus
1803 1424 1828 1447 et
1843 1419 1942 1447 eadem
1961 1420 2065 1447 onmia
2080 1428 2171 1457 prop-

1205 1475 1249 1499 ter
1267 1471 1319 1499 hoc
1340 1471 1511 1508 specialiter
1526 1472 1665 1508 precario
1686 1480 1738 1500 nos
1757 1472 1793 1499 ab
1813 1472 1855 1500 eis
1869 1473 2088 1501 constituimus
2101 1481 2171 1510 pos-

1203 1524 1318 1559 siderc;
1335 1524 1544 1553 renuntiando
1561 1525 1593 1552 in
1609 1524 1672 1553 hiis
1686 1525 1828 1553 omnibus
1842 1526 2024 1562 omnijuris
2036 1526 2169 1560 auxilio,

1204 1577 1345 1605 canonici
1365 1581 1392 1604 et
1412 1577 1529 1611 civilis,
1552 1577 1767 1605 consuetudini
1784 1582 1810 1606 et
1827 1582 1950 1612 statuto,
1971 1582 1996 1606 et
2014 1579 2099 1606 omni
2117 1586 2170 1607 ex-

1204 1629 1335 1666 ceptioni
1351 1633 1376 1657 et
1394 1629 1437 1657 rei
1453 1638 1508 1666 que
1522 1634 1639 1666 possent
1654 1630 1732 1658 obici
1743 1634 1850 1659 contra
1866 1631 2106 1659 instrumentum
2123 1631 2171 1659 vel

1203 1672 1332 1717 saelum.

1243 1736 1349 1763 Actum
1366 1739 1407 1763 est
1423 1735 1476 1763 hoc
1489 1735 1678 1772 presentibus
1693 1735 1815 1763 testibus
1828 1735 2047 1772 infrascriptis,
2061 1736 2102 1765 ad
2115 1737 2171 1765 hoc

1205 1787 1378 1825 specialiter
1394 1789 1516 1824 rogatis,
1535 1788 1648 1816 scilicet
1664 1798 1673 1816 :
1689 1788 1836 1825 magistro
1855 1788 1985 1824 Roffrido
2005 1788 2040 1817 de
2060 1789 2172 1818 Terra-

1205 1840 1275 1869 cina
1302 1839 1421 1868 domini
1442 1849 1518 1877 pape
1543 1840 1662 1869 notario
1688 1845 1764 1875 teste,
1792 1840 1878 1869 Petro
1902 1841 1936 1869 de
1960 1841 2038 1877 Pofis
2061 1841 2170 1870 clerico

1205 1893 1337 1928 ejusdem
1369 1893 1486 1921 notarii
1516 1898 1596 1927 teste,
1633 1893 1780 1921 Willelmo
1806 1897 1906 1922 sutore
1938 1894 2023 1922 curie
2051 1893 2173 1922 domini

1203 1954 1280 1983 pape
1303 1950 1384 1980 teste,
1413 1946 1560 1974 Perusino
1584 1945 1618 1973 de
1644 1946 1838 1974 tta-rescatcia
1862 1950 1945 1980 teste,
1964 1946 2088 1974 domino
2105 1945 2172 1975 Ste-

1204 1998 1308 2035 phano
1327 1998 1481 2035 capellano
1503 1998 1623 2026 domini
1638 2006 1715 2035 pape
1732 2002 1809 2032 teste,
1829 1998 1924 2026 Paulo
1941 1997 1974 2026 de
1993 1998 2075 2035 Capa
2091 2003 2169 2033 teste,

1206 2055 1232 2079 el
1247 2051 1425 2079 Johannino
1440 2050 1560 2078 domini
1573 2059 1649 2087 pape
1664 2059 1786 2079 cursore
1801 2055 1880 2079 teste.

1246 2103 1281 2131 Et
1294 2112 1344 2140 eqo
1356 2103 1521 2132 Riccardus
1536 2103 1707 2140 imperialis
1718 2104 1787 2132 aule
1797 2103 1986 2132 scriniarius
2000 2104 2055 2140 qui
2070 2104 2173 2132 omni-

1207 2156 1260 2185 bus
1274 2156 1421 2193 predictis
1435 2157 1567 2192 interfui
1582 2157 1662 2185 hanc
1679 2161 1795 2185 cartam
1813 2157 1972 2194 utriusque
1984 2157 2086 2194 partis
2100 2165 2174 2186 con-

1207 2217 1297 2237 sensu
1311 2209 1421 2246 scripsi
1433 2213 1459 2237 et
1474 2209 1620 2246 complevi
1633 2214 1768 2246 rogatus.

1168 2365 1350 2395 CCXXIII.
1366 2383 1405 2386 —
1425 2365 1576 2395 CARTULA
1596 2375 1734 2395 Anm‘rau
1752 2375 1823 2395 LATl
1844 2375 1937 2395 mrim
1956 2375 2100 2396 Domum:
2118 2375 2174 2396 PA-

1192 2424 1195 2426 '
1209 2428 1271 2447 PAM
1288 2428 1326 2447 1·:'r
1343 2426 1489 2452 QUOSDAM
1506 2427 1642 2448 noumos
1659 2418 1787 2448 psum
1803 2419 1826 2447 ¹.

1249 2524 1284 2552 In
1303 2531 1371 2552 nom
1379 2523 1426 2551 ine
1440 2523 1572 2558 Domini,
1592 2531 1693 2551 amen.
1709 2524 1798 2552 Anno
1812 2524 2044 2552 incarnationis
2060 2524 2176 2552 Christi

1209 2576 1373 2604 millesimo
1393 2575 1596 2604 ducentesimo
1613 2575 1765 2604 tricesimo
1785 2577 1887 2609 tertio,
1905 2575 2102 2612 pontificatus
2120 2576 2175 2604 do-

1209 2628 1292 2656 mini
1313 2627 1449 2664 Greyorii
1469 2636 1544 2664 pape
1569 2628 1643 2656 noni
1664 2636 1746 2656 anno
1769 2632 1858 2663 secto,
1890 2637 1988 2656 mense
2008 2628 2172 2664 februarii,

1210 2681 1258 2709 die
1273 2680 1368 2713 XXVI,
1390 2679 1558 2708 indictione
1576 2684 1670 2708 secvta.
1691 2680 1749 2708 Nos
1770 2680 1941 2717 Stephanus
1958 2679 2078 2708 domini
2097 2689 2176 2718 pape

1209 2850 1232 2876 1.
1249 2849 1282 2876 ‘26
1296 2849 1402 2875 ffivrier
1420 2847 1496 2875 ¹233.
1510 2863 1543 2866 —
1559 2847 1702 2874 Sentence
1716 2847 1824 2875 rendue
1841 2857 1891 2882 pai·
1906 2849 1947 2875 les
1957 2849 2079 2876 arbitres
2094 2853 2176 2877 entre

1171 2898 1215 2924 les
1238 2897 1344 2931 parties
1367 2897 1567 2923 mentionne'es
1587 2896 1660 2922 dans
1682 2897 1724 2923 les
1747 2896 1824 2923 deux
1845 2897 1960 2924 chastes
1975 2898 2175 2932 pri-§cedentem

1173 2946 1228 2971 Les
1247 2944 1421 2971 indemnites
1435 2946 1451 2970 ἐι
1467 2953 1554 2979 payer
1569 2953 1618 2978 par
1634 2944 1660 2970 le
1677 2953 1748 2979 pape
1763 2953 1795 2971 se
1811 2949 1940 2972 moment
1955 2947 1972 2972 ὁ
1996 2946 2074 2977 t‚148
2089 2946 2177 2974 livres

1174 2995 1206 3021 15
1221 3001 1302 3020 sous.
