2392 3571
643 355 692 384 LE
715 353 858 383 LIBER
880 350 1112 382 CENSUUM
1134 349 1190 379 DE
1212 339 1397 379 L'iiGLISE
1419 346 1626 377 ROMAINE.
2108 343 2163 373 579

101 423 321 459 [cccxxvlli.
337 437 372 443 —
391 422 432 449 Dz
447 431 530 449 censu
544 429 595 448 eno
614 428 742 448 iumen-u
759 419 890 446 annones
912 427 943 445 ετ
963 425 1010 444 asi·
1025 424 1053 443 ii.
1069 425 1094 442 c.

136 480 317 499 nisanrionuii
329 476 348 498 ¹.

172 575 191 607 †
207 572 238 599 In
256 573 371 598 nomine
392 572 499 598 domini
521 570 612 598 nostri
632 569 704 595 Jesu
721 569 840 601 Christi,
860 567 920 594 Hoc
940 571 985 593 est
1001 574 1098 592 exem-

138 622 216 656 plum
230 621 380 655 cujusdam
395 620 499 655 publici
512 617 694 645 instrumenti
711 617 844 652 pendenti
857 616 988 650 plumbeo
1005 615 1098 649 sigillo

137 671 254 705 signati,
272 671 359 704 hujus
375 669 481 695 tenoris
499 679 504 694 :

174 718 206 744 In
230 718 344 744 nomine
364 716 492 748 Domini,
509 724 601 741 amen.
619 715 704 740 Anno
725 714 838 740 Domini
861 712 1097 743 MCCXXXVH.

139 766 296 793 indictione
308 764 360 794 XI,
374 769 501 798 tempore
512 763 617 789 domini
635 762 765 795 Gregorii
782 761 865 788 VIIII
877 770 946 795 pape
958 770 1031 787 anno
1045 760 1099 794 XI,

139 815 223 842 tertia
236 814 281 839 die
297 817 419 839 exeunte
436 820 534 837 mense
549 811 662 845 aprelis.
680 809 778 836 Pateat
798 811 931 836 omnibus
952 809 1100 835 manifeste

140 863 216 897 quod
237 862 372 887 dominus
397 860 498 886 Petrus
514 859 604 893 judex
626 858 754 885 Arboree
781 862 883 891 sponte
905 863 931 883 et
957 858 1030 883 bona
1052 866 1101 884 vo-

140 911 249 937 luntate
279 909 445 943 recognovit
478 906 636 933 dominium
669 910 697 932 et
726 907 925 940 proprietatem
955 906 1102 939 judicatus

141 959 270 985 Arboree
294 958 327 983 ad
352 957 509 983 Romanam
532 955 684 982 ecclesiam
707 956 866 989 pertinere3
890 963 905 980 a
927 963 982 988 qua
1002 958 1030 979 et
1053 962 1102 988 pro

140 1016 197 1042 qua
221 1007 332 1042 publice
354 1006 507 1032 consessus
522 1009 566 1031 est
581 1013 612 1030 se
629 1004 746 1035 habere,
770 1007 866 1029 tenere
887 1006 915 1028 et
936 1002 1102 1037 possidere·,

141 1058 227 1090 cujus
244 1055 479 1088 investiltilonem
501 1054 575 1079 idem
592 1052 682 1087 judex
703 1052 831 1078 Arboree
853 1051 960 1085 recepit
980 1059 1028 1085 per
1045 1059 1104 1076 ma-

144 1113 199 1131 nis
217 1104 349 1137 magistri
365 1102 521 1129 Alexandri
537 1101 692 1136 apostolice
705 1100 782 1126 sedis
799 1101 883 1133 legati
901 1108 965 1125 cum
982 1099 1105 1133 quodam

143 1154 246 1180 vexillo
271 1154 297 1178 in
321 1161 377 1186 quo
401 1155 481 1177 erant
502 1150 557 1176 due
579 1150 674 1176 claves
696 1157 760 1175 cum
788 1157 841 1174 una
866 1157 962 1175 cruce.
986 1148 1106 1183 Propter

145 1202 221 1237 quod
239 1202 367 1236 promisit
383 1200 507 1233 singuiis
521 1199 604 1225 annis
621 1198 734 1224 nominc
749 1206 854 1223 census
872 1198 982 1223 solvere
998 1201 1026 1223 et
1040 1197 1106 1223 dare

145 1252 222 1278 mille
245 1255 272 1276 et
293 1254 408 1276 centum
430 1249 569 1274 bisantios
592 1247 713 1274 ecclesie
735 1247 862 1273 Romane
883 1247 926 1272 vel
946 1248 1010 1280 ejus
1029 1251 1107 1272 certo

146 1300 265 1329 nuntio;
293 1299 327 1325 ad
353 1300 439 1332 cujus
464 1297 635 1323 solutionem
661 1304 692 1322 se
719 1304 846 1329 suosque
870 1296 1011 1329 legitimos
1034 1296 1108 1322 filios

146 1349 292 1383 obligavit.
312 1347 443 1373 Protei-ea
459 1347 560 1373 statuit
580 1351 607 1371 et
622 1345 741 1371 firmiter
759 1345 898 1370 ordinavit
914 1349 945 1370 ut
959 1346 983 1370 si
999 1345 1108 1379 absque

146 1398 285 1432 legitimis
307 1397 373 1422 filiis
395 1400 564 1427 moreretur,
584 1399 640 1420 tota
662 1398 736 1420 terra
750 1394 898 1427 judicatus
918 1393 1046 1419 Arboree
1074 1394 1108 1420 ad

147 1446 304 1473 Romanam
321 1446 471 1471 ecclesiam
487 1445 572 1477 cnjus
587 1447 631 1469 est
646 1443 733 1469 libere
747 1447 912 1468 revertatur.
931 1442 964 1468 Et
979 1443 1109 1469 similiter

145 1495 173 1522 si
189 1495 237 1521 filii
257 1496 322 1529 ejus
342 1495 404 1520 sine
425 1493 491 1519 filiis
510 1492 699 1523 decederent,
719 1491 793 1517 dicta
810 1491 937 1517 Arborea
958 1491 991 1517 ad
1011 1491 1108 1518 sedem

147 1543 333 1578 apostolicam
350 1543 525 1568 devolvatur.

184 1592 289 1618 Actum
317 1592 344 1618 in
375 1591 497 1617 ecclesia
527 1590 607 1616 beate
633 1590 720 1616 Marie
744 1589 778 1616 de
803 1589 986 1616 Bonarcanco
1015 1598 1110 1617 coram

147 1640 321 1675 subscriptis
343 1640 480 1671 testibus,
498 1639 628 1665 videlicet
649 1638 763 1665 domino
786 1638 933 1665 Leonardo
953 1638 1111 1665 Calaritano

148 1690 378 1724 archiepiscopo,
392 1688 507 1714 domino
522 1687 697 1722 Trogodorio
709 1687 925 1721 archiepiscopo
942 1688 1110 1719 Arbor-ensi,

149 1738 266 1764 domino
282 1737 468 1763 Constantino
483 1736 620 1770 episcopo
636 1735 830 1768 Terralbensi,
847 1735 962 1762 domino
982 1735 1112 1762 Johanne

149 1788 287 1821 episcopo
318 1785 476 1815 Uselleusi,
508 1785 609 1818 Sergio
639 1784 775 1819 episcopo
810 1784 969 1815 Suellensi‚
998 1784 1112 1810 domino

149 1834 282 1861 Johanne
304 1835 443 1868 episcopo
464 1832 664 1863 Gisarcliensi,
687 1832 862 1866 Trogodorio
885 1833 1020 1867 episcopo
1045 1832 1114 1859 Cas-

151 1883 258 1913 trensi,
286 1881 454 1908 Constantio
483 1881 618 1916 episcopo
648 1881 824 1912 Othanensi‚
849 1880 954 1907 Oberto
979 1881 1114 1915 episcopo

152 1931 314 1963 Ploacensi‚
332 1930 450 1956 Nicolao
472 1931 564 1963 priore
586 1929 620 1955 de
637 1929 826 1961 Bonarcanto,
845 1929 992 1955 Lamberto
1014 1929 1114 1955 abbate

151 1979 188 2006 de
205 1979 324 2012 Falesia,
340 1979 496 2005 Benedicto
509 1978 614 2004 clerico
631 1978 665 2004 de
678 1978 787 2008 aiau-0,
801 1977 963 2004 Onsredone
979 1978 1115 2004 familiare

152 2028 261 2055 domini
275 2027 410 2062 Raynerii
426 2027 588 2053 cardinalis.

189 2077 250 2111 Ego
271 2076 430 2110 Gregorius
452 2079 635 2101 sacrosancte
658 2074 787 2101 Romane
809 2074 929 2101 ecclesie
949 2075 1117 2101 scriniarius

154 2125 210 2152 hiis
226 2126 362 2151 omninus
377 2124 492 2150 interfui
507 2123 580 2149 etde
592 2123 724 2149 mandato
740 2123 807 2149 dicti
819 2123 948 2157 magistri
962 2124 1117 2150 Alexandri

155 2174 260 2201 scribsi
284 2178 312 2199 et
333 2173 476 2207 complevi
497 2180 619 2206 meoque
640 2171 724 2206 signo
743 2171 855 2206 signavi
877 2177 904 2198 et
925 2171 953 2197 in
976 2172 1117 2206 publicam

153 2223 274 2249 formam
289 2221 396 2255 redegi.

192 2271 236 2296 Ad
263 2271 348 2304 cujus
371 2270 410 2296 rei
434 2272 600 2304 perpetuam
626 2269 788 2295 firmitatem
808 2276 862 2303 ego
886 2268 989 2294 Petrus
1014 2268 1068 2295 Dei
1092 2273 1120 2296 et

156 2324 257 2346 sancte
278 2319 407 2345 Romane
428 2318 549 2344 ecclesie
569 2317 660 2352 gratia
675 2317 765 2351 judex
787 2317 916 2343 Arboree
937 2325 1057 2351 presens
1075 2318 1120 2344 in-

156 2371 352 2394 strumentum
369 2367 424 2393 feci
442 2366 529 2401 sigilli
544 2366 599 2392 mei
616 2365 772 2392 munimine
790 2365 926 2393 roborari.

192 2416 227 2442 Et
243 2424 297 2450 ego
314 2415 451 2442 Nicolaus
466 2414 638 2440 Ferentinus
654 2418 752 2440 sancte
771 2413 897 2440 Romane
912 2414 1034 2440 ecclesie
1049 2415 1122 2441 scri-

158 2465 279 2499 niarius,
296 2466 373 2491 sicut
388 2464 484 2490 inveni
499 2464 526 2489 in
545 2463 672 2497 predicto
685 2463 797 2497 publico
810 2466 839 2489 et
853 2462 998 2489 autentico
1013 2463 1122 2490 instru-

156 2517 255 2540 mento
284 2513 418 2548 pendenti
442 2513 575 2547 plumbeo
601 2511 694 2546 sigillo
718 2512 846 2545 signato,
872 2512 1020 2538 actoritate
1044 2513 1122 2539 sedis

159 2561 318 2596 apostolice
340 2563 379 2587 ita
401 2561 435 2587 de
460 2561 548 2587 verbo
571 2560 605 2587 ad
630 2560 750 2586 verbum
773 2560 932 2594 exemplavi
955 2564 984 2586 et
1006 2560 1121 2595 signum

155 2610 225 2637 feci.

162 2801 188 2828 1.
205 2799 383 2834 Bonarcado,
398 2799 432 2826 ‘28
448 2799 517 2825 avril
536 2798 612 2825 1237.
629 2814 662 2818 —
677 2798 826 2831 Muratori,
841 2800 917 2831 Ant,
934 2802 955 2826 t.
967 2797 1019 2824 Vl.
1034 2807 1062 2833 p.
1080 2798 1123 2825 15.

1177 412 1401 447 CCCXXVHH.
1416 427 1452 432 —
1464 412 1554 439 Jcnsx
1571 413 1702 439 Armanas
1717 420 1767 438 cmi
1783 419 1872 438 uxone
1888 419 1936 437 ειη
1951 418 1982 436 ετ
1996 418 2064 436 *ro-rix
2078 417 2164 436 Teium

1211 470 1354 489 sumemus
1376 469 1548 487 ascipiunt-u
1569 469 1617 487 scu
1639 468 1821 487 PnOTtacrlONss
1845 459 1961 486 Ronmss
1980 466 2103 485 accusso:
2123 466 2165 485 cci

1213 511 1362 537 sonsum&

1249 612 1267 643 -ζ-
1290 610 1322 636 in
1344 610 1456 635 nominc
1476 609 1581 635 domini
1599 609 1686 634 nostri
1702 608 1772 634 Jesu
1789 608 1904 634 Christi.
1927 607 1988 633 Hoc
2007 610 2051 632 est
2070 615 2166 632 exem-

1216 658 1292 693 plum
1306 658 1454 691 cujusdam
1468 657 1572 691 publici
1589 658 1769 682 instrumenti
1782 656 1913 690 pendenti
1927 656 2057 690 plumbeo
2074 655 2166 689 sigillo

1217 707 1332 740 signati,
1350 707 1436 740 hujus
1452 706 1558 731 tenoris
1578 716 1583 731 :

1253 754 1388 788 Magister
1412 753 1571 779 Alexander
1592 752 1696 778 domini
1721 762 1791 787 pape
1813 752 1990 786 capellanus,
2013 751 2167 785 apostolice

1219 803 1295 830 sedis
1311 803 1433 836 legatus.
1452 801 1537 827 nobili
1553 805 1581 827 et
1594 802 1695 826 illustri
1711 801 1769 826 viro
1785 800 1896 825 domino
1912 799 1993 825 Petro
2007 799 2096 833 judici
2112 799 2168 825 Ar-

1218 852 1302 878 boree
1318 852 1438 877 salutem
1455 850 1481 875 in
1501 849 1631 875 Domino.
1649 850 1834 874 sacrosancta
1846 848 1971 874 Romana
1982 848 2103 873 ecclesia
2117 846 2167 873 de-

1220 905 1300 927 votos
1316 905 1343 925 et
1361 899 1482 925 humiles
1498 898 1568 924 lilios·
1585 906 1619 923 ox
1635 902 1747 922 assuete
1767 897 1879 931 pietatis
1895 896 1984 922 officio
2001 896 2170 930 propensius

1220 950 1336 982 diligere
1352 948 1501 973 consuevit
1516 951 1543 972 et
1558 947 1599 972 eis
1616 951 1756 979 tamquam
1778 946 1823 979 pia
1846 950 1933 970 mater
1953 953 2032 970 suain
2053 944 2171 977 gratiam

1220 1002 1248 1023 et
1272 996 1397 1022 savorem
1428 994 1588 1020 benivolum
1619 993 1764 1027 impertiri.
1791 992 1849 1018 Nos
1879 993 1965 1025 igitur
1993 992 2171 1018 attendentes

1220 1044 1295 1080 quod
1312 1049 1340 1070 tu
1356 1043 1467 1078 publice
1484 1042 1622 1068 confitens
1636 1046 1663 1066 et
1683 1049 1891 1073 recognoscens
1908 1040 2063 1066 Romanam
2081 1040 2172 1066 eccle-

1221 1094 1292 1120 siam
1315 1100 1379 1118 esse
1402 1096 1518 1117 matrem
1542 1095 1568 1115 et
1588 1090 1729 1115 dominam
1753 1095 1829 1115 tuam
1849 1093 1876 1114 et
1899 1093 1983 1114 totam
2004 1093 2105 1113 terram
2123 1089 2173 1121 ju-

1222 1142 1334 1168 dicatus
1361 1140 1488 1166 Arboree
1517 1139 1550 1164 ad
1581 1139 1670 1172 ipsam
1702 1138 1862 1171 specialiter
1895 1137 2050 1170 pertinere,
2085 1141 2111 1162 tc
2141 1144 2173 1161 ac

1225 1198 1341 1217 uxorem
1376 1194 1452 1215 tuam
1484 1196 1549 1214 cum
1586 1192 1643 1212 tota
1677 1191 1751 1212 teria
1780 1186 1926 1220 judicatus
1961 1185 2089 1210 Arboree
2120 1184 2175 1210 sub

1225 1240 1400 1273 protectione
1421 1246 1454 1263 ac
1469 1237 1633 1262 defensione
1650 1236 1727 1261 sedis
1743 1235 1898 1269 apostolice
1918 1234 2091 1267 suscipimus
2106 1241 2175 1259 auc-

1226 1288 1339 1314 toritate
1361 1294 1418 1320 qua
1437 1285 1593 1318 fungimur,
1615 1288 1643 1309 et
1668 1284 1717 1308 tihi
1741 1287 1767 1308 et
1786 1282 1852 1308 filiis
1875 1282 1932 1307 tuis
1957 1282 2091 1315 legitimis
2117 1286 2176 1306 ter-

1226 1345 1284 1363 ram
1302 1335 1454 1370 predictam
1473 1333 1620 1367 judicatus
1641 1332 1769 1358 Arboree
1793 1330 1978 1356 concedimus
2001 1335 2028 1355 et
2053 1330 2177 1363 presenti

1226 1385 1329 1420 pagina
1349 1384 1561 1409 confirmamus.
1587 1381 1632 1406 Ad
1657 1380 1793 1405 indicium
1820 1380 1906 1412 hujus
1930 1378 2125 1404 concessionis
2151 1383 2178 1402 et

1225 1433 1449 1461 confirmationis
1470 1435 1601 1465 peret-pte
1623 1429 1696 1455 mille
1717 1433 1745 1454 et
1764 1432 1879 1454 centum
1906 1427 2043 1452 bisantios
2067 1425 2178 1452 nomine

1227 1490 1332 1509 census
1361 1479 1504 1506 annuatim
1533 1478 1654 1504 ecclesie
1684 1476 1812 1502 Romane
1843 1476 1989 1509 persolves
2015 1480 2043 1500 et
2070 1474 2118 1500 filii
2140 1474 2179 1500 tui

1226 1530 1365 1562 similiter¹
1391 1529 1414 1554 si
1435 1526 1587 1560 contigerit
1610 1531 1636 1551 te
1660 1526 1774 1550 habere.
1797 1524 1842 1549 Ad
1868 1525 1953 1557 cujus
1973 1530 2078 1548 census
2100 1523 2180 1548 solu-

1228 1580 1333 1605 tionem
1358 1582 1384 1603 te
1409 1582 1531 1609 tuosque
1556 1574 1698 1608 legitimos
1719 1573 1791 1598 filios
1811 1571 1931 1597 heredes
1954 1575 2090 1605 perpetuo
2108 1570 2180 1595 obli-

1228 1628 1320 1662 gasti;
1345 1627 1382 1652 ita
1407 1624 1536 1650 videlicet
1561 1622 1635 1656 quod
1659 1622 1684 1647 si
1706 1622 1814 1654 absque
1837 1620 1902 1645 [iliis
1926 1619 2060 1653 legitimis
2082 1618 2182 1644 deces-

1228 1670 1317 1706 sei·is‚
1344 1673 1468 1708 predicta
1492 1675 1565 1697 terra
1591 1670 1740 1704 judicatus
1761 1668 1888 1694 Arboree
1913 1667 1946 1692 ad
1971 1666 2067 1692 sedem
2091 1666 2182 1699 Apos-

1229 1725 1342 1750 tolicam
1367 1725 1524 1748 revertatur
1545 1721 1630 1753 cujus
1653 1723 1706 1744 est.
1727 1717 1761 1743 Et
1782 1717 1856 1750 quod
1878 1724 1931 1741 non
1955 1716 2036 1741 liceat
2057 1715 2106 1740 tihi
2130 1722 2182 1740 nec

1229 1774 1294 1799 filiis
1318 1772 1375 1798 tuis
1396 1770 1550 1805 predictam
1576 1774 1676 1794 terram
1701 1768 1828 1792 Arboree
1851 1765 2010 1790 diminuere
2033 1764 2076 1789 vel
2099 1763 2182 1789 alicui

1230 1828 1392 1856 supponere
1415 1827 1476 1845 sme
1499 1817 1630 1843 mandato
1650 1820 1677 1842 et
1699 1816 1809 1840 licentia
1830 1815 1907 1839 sedis
1928 1813 2092 1847 Apostolice
2115 1820 2183 1846 spe-

1229 1871 1304 1903 ciali,
1321 1869 1399 1895 salvo
1420 1867 1494 1902 quod
1517 1866 1610 1900 possis
1629 1864 1760 1890 ecclesiis
1775 1868 1803 1888 et
1822 1862 1885 1888 aliis
1907 1863 1962 1896 piis
1980 1862 2049 1887 locis
2069 1862 2183 1894 tuisque

1230 1918 1368 1954 proximis
1391 1914 1614 1948 consanguineis
1634 1914 1667 1938 dc
1694 1913 1775 1937 honis
1795 1912 1941 1945 judicatus
1963 1910 2090 1935 Arboree
2115 1916 2184 1934 con—

1231 1968 1324 1998 ierre;
1340 1966 1447 1991 honore
1463 1963 1542 1997 regni
1557 1970 1590 1988 ac
1602 1962 1732 1996 judicatu
1749 1960 1876 1986 Arboree
1893 1960 2002 1992 integro
2019 1964 2186 1991 permanen-

1232 2016 1309 2042 tibus
1325 2018 1353 2040 et
1367 2012 1492 2039 dominio
1515 2016 1542 2037 et
1562 2011 1731 2045 proprietate
1752 2009 1828 2034 omui
1849 2012 1976 2041 tempore
1996 2005 2123 2031 Romane
2139 2012 2187 2030 ec-

1232 2064 1319 2090 clesie
1335 2062 1498 2088 reservatis.

1269 2112 1374 2138 Actum
1395 2110 1422 2136 iu
1443 2116 1553 2135 camera
1570 2107 1650 2133 beate
1666 2105 1754 2131 Marie
1775 2105 1809 2130 de
1830 2103 2022 2134 Bonan-camo,
2045 2101 2099 2128 sub
2115 2108 2187 2127 anno

1234 2157 1472 2188 MCCXXXVM,
1483 2157 1635 2183 indictione
1647 2153 1699 2187 XI,
1714 2158 1840 2187 tempore
1849 2152 1954 2177 domiui
1965 2150 2095 2184 Gregorii
2107 2148 2186 2175 viil!

1236 2217 1306 2245 pape
1321 2216 1394 2234 anuo
1413 2206 1463 2237 xl,
1480 2214 1567 2240 prima
1583 2204 1628 2230 die
1643 2204 1765 2229 intrante
1787 2209 1884 2227 mense
1901 2201 1981 2233 maii,
1998 2199 2027 2225 in
2048 2198 2191 2233 presentia

1236 2258 1344 2285 domini
1367 2256 1506 2282 Leonardi
1529 2253 1681 2280 Calai-nani
1705 2250 1933 2284 archiepiscopi,
1956 2248 2063 2274 domini
2082 2247 2190 2280 Trogo-

1237 2308 1310 2334 dorii
1324 2303 1533 2339 archiepiscopi
1548 2301 1732 2331 Arbor-ensis,
1748 2298 1854 2325 domini
1871 2297 2049 2323 Constantini
2063 2294 2190 2330 episcopi

1236 2354 1440 2384 Terralbensis¹
1458 2352 1532 2378 Petri
1548 2350 1676 2385 episcopi
1687 2349 1790 2374 Sancte
1806 2346 1900 2379 Juste,
1911 2345 2051 2371 ,Iohannis
2063 2342 2190 2378 episcopi

1238 2404 1416 2433 Usellensis,
1446 2400 1540 2434 Sergii
1563 2399 1691 2433 episcopi
1720 2395 1894 2425 Suellensis,
1924 2392 2031 2419 domini
2051 2391 2192 2418 Johannis

1237 2452 1367 2489 episcopi
1402 2448 1620 2478 Gisarcliensis,
1648 2435 1815 2479 Trogodorii
1851 2443 1978 2477 episcopi
2011 2440 2190 2471 Castrensis,

1237 2501 1396 2529 Constantii
1420 2498 1545 2534 episcopi
1568 2496 1754 2525 Othanensis,
1776 2492 1872 2520 Oberti
1894 2492 2020 2526 episcopi
2036 2490 2192 2516 Plavacen-

1238 2553 1295 2584 sis,
1311 2550 1420 2577 Nicolai
1436 2548 1539 2584 prioris
1554 2546 1588 2572 de
1605 2544 1793 2572 Bonarcanto,
1810 2540 1952 2567 Lamberti
1968 2538 2078 2565 abbatis
2093 2538 2127 2564 de
2142 2536 2193 2563 Fa-

1238 2601 1321 2631 lesia,
1344 2598 1472 2632 magistri
1499 2595 1664 2621 Beuencase
1690 2590 1819 2618 canonici
1842 2589 1939 2616 Sancti
1960 2586 2108 2614 Michaelis
2136 2585 2192 2612 Lu-

1239 2649 1347 2679 censis,
1368 2644 1516 2672 Benedicti
1529 2644 1624 2670 clerici
1639 2642 1674 2668 de
1689 2641 1798 2667 Alatro.

1242 2840 1267 2866 1.
1284 2835 1459 2866 Bonarcado,
1478 2835 1516 2860 12¹·
1531 2832 1587 2859 mai
1603 2831 1681 2858 1237.
1698 2845 1731 2849 -
1747 2827 1892 2858 Muratori,
1909 2828 1986 2857 Ant..
2003 2829 2024 2852 t.
2041 2823 2090 2856 vt,
2108 2833 2135 2858 p.
2153 2823 2195 2851 17.

1204 2902 1241 2910 —
1255 2887 1293 2914 Le
1309 2887 1383 2920 legat
1398 2882 1560 2910 Alexandra
1575 2879 1664 2916 prend
1681 2878 1776 2905 Pierre
1786 2898 1792 2910 ,
1809 2878 1881 2911 juge
1896 2875 2052 2901 d'Arborea
2063 2894 2069 2906 ‚
2085 2879 2155 2898 sous
2170 2871 2196 2898 la

1207 2936 1363 2974 protectiou
1380 2934 1416 2960 du
1434 2930 1630 2964 saint-siege,
1647 2930 1675 2954 et
1689 2930 1807 2961 accepte
1822 2925 1846 2952 le
1861 2932 1931 2951 cens
1947 2923 2111 2950 mentionne
2125 2921 2196 2947 dans

122 2863 161 2870 —
177 2849 283 2879 Pieri-e,
298 2850 368 2883 juge
381 2847 551 2881 d'Arborea,
567 2848 656 2882 recoit
669 2847 857 2874 l’investiture
870 2847 905 2873 de
917 2855 950 2873 sa
961 2847 1125 2881 judicature

126 2906 178 2933 par
194 2907 230 2924 nn
246 2897 381 2924 etendard
396 2905 452 2931 que
465 2897 505 2923 lui
519 2900 610 2922 remet
622 2896 648 2922 le
660 2896 736 2930 legat
749 2895 921 2928 Atexandre,
936 2900 964 2922 et
979 2894 1126 2921 reconnait

126 2946 226 2972 devoir
245 2955 281 2972 au
304 2945 488 2980 saint-Siege
511 2953 548 2971 un
569 2952 639 2971 cens
658 2945 762 2971 annuel
783 2943 817 2970 de
841 2944 909 2971 1100
933 2944 1060 2970 besants.
1081 2941 1124 2969 cf.

124 2995 285 3024 ci-dessus,
303 3003 330 3029 p.
347 2993 410 3020 235.
1206 2988 1233 3014 la
1247 2986 1343 3013 charte
1359 2982 1538 3018 precedente.
