2392 3571
659 353 708 382 LE
732 352 878 382 LIBER
899 351 1133 382 CENSUUM
1155 352 1211 382 DE
1233 342 1420 382 L’E'JGLISE
1443 351 1654 382 ROMAINE.
2143 351 2199 382 461

150 419 337 456 Beraldipro
347 428 376 447 se
386 423 412 448 et
427 419 503 456 siliis
515 419 593 454 Ebti,
607 419 760 448 lohannes
774 420 918 457 Raynalli
930 420 964 448 de
977 419 1117 448 Thudino

151 477 315 508 neqozante
334 472 407 501 Luce
423 473 510 501 ⁴verbo
522 473 623 510 patris
638 473 698 507 sui,
715 472 878 501 Bartholus
893 473 1037 507 Raducii,
1061 473 1117 501 Do-

152 525 253 560 nadci,
270 525 429 561 Bonifatii,
446 526 608 554 Anastasio
620 525 766 554 Rainaldi
777 525 921 561 Gnidoui,
940 525 1026 554 Petro
1044 525 1118 554 The-

150 577 242 613 baidi,
265 578 350 606 Petro
365 578 582 613 Sarromanni,
603 578 734 606 Berardo
747 578 892 613 Thudini,
907 578 1029 606 Nicolao
1045 577 1118 606 Cin-

153 631 191 658 tii
211 630 417 665 Pantaleonis,
443 631 593 659 Damiano
609 630 776 664 Miliarini,
799 630 926 659 Michale
949 630 1114 664 Miliarini,

153 683 265 720 Rapizo
285 682 432 711 Guidonis
448 682 590 717 Donadei,
610 682 722 719 Anyeto
736 682 835 710 Nicole
851 682 939 710 Piuci
949 690 1004 719 pro
1018 686 1120 719 nepote

149 735 301 764 Johannis
321 734 471 769 Donadei,
492 734 626 763 Guidone
641 735 867 768 Bravonzonis,
888 735 1051 770 Pet-cyrino
1068 734 1120 763 Gi-

152 787 272 821 mundi,
290 787 390 815 Bonus
403 795 498 816 comes
515 787 691 820 Tinnosetti,
707 786 880 822 Bonifatius
893 787 1116 822 Buccasorteza,

150 841 282 869 Nat-nese
300 839 512 873 Thebaidonis,
530 840 676 868 Anastasi
690 840 817 874 Litaldi,
839 839 1006 875 Uffreducio
1023 839 1120 868 Oddo-

151 893 201 921 nis
220 892 254 920 de
277 892 411 927 Cambio,
435 892 642 921 Bartholomeo
667 891 814 927 Oilerisii,
841 893 953 929 Rapizo
975 893 1116 930 Peponis,

150 945 321 974 Bassalutio
339 945 481 973 Thebaidi
500 945 640 979 Bassam,
661 945 868 974 Bartholomeo
883 945 1052 981 Rustibelli,
1073 945 1120 974 Gi-

151 997 244 1026 rardo
261 998 424 1033 Machario,
446 997 602 1026 Oradinus
617 1002 643 1026 et
655 997 816 1026 Achardus
831 999 947 1027 civibus
964 999 1120 1027 Narnien-

150 1050 242 1084 sibus,
263 1051 295 1078 in
309 1050 410 1088 platea
427 1051 549 1087 publiea
566 1050 746 1084 Narniensi,
763 1059 830 1079 cum
847 1055 935 1079 crant
950 1051 990 1079 ad
1004 1052 1120 1080 contio-

152 1112 217 1132 nem
244 1112 299 1141 pro
325 1104 508 1139 refutatione
533 1103 675 1139 facienda
706 1104 867 1133 Stronconi
893 1109 920 1133 et
945 1105 1121 1133 hominibus

152 1155 225 1185 dicti
251 1157 345 1185 castri
371 1156 404 1185 de
430 1156 570 1184 omnibus
598 1156 705 1184 debitis
732 1157 917 1193 supradictis
945 1157 1121 1186 hominibus

151 1210 295 1238 concessis
315 1218 334 1237 a
355 1209 575 1238 communitate
599 1209 768 1238 Narniensi
789 1219 880 1247 super
901 1211 1121 1239 communitate

152 1262 228 1290 dicti
252 1263 346 1290 castri
369 1262 564 1296 Stronconis,
590 1266 624 1290 ut
648 1267 774 1299 apparet
798 1271 852 1299 per
879 1263 1119 1291 instrumentum

151 1316 300 1352 scriptum
321 1324 338 1343 a
357 1315 534 1344 Toranbono
554 1315 607 1343 Dei
626 1316 729 1352 qratia
752 1316 926 1353 imperialis
945 1317 1015 1344 aule
1034 1321 1121 1345 nota-

155 1367 232 1396 rius.
250 1367 330 1396 Unde
348 1368 377 1396 in
397 1368 447 1396 Dei
464 1368 587 1396 nomine
603 1376 654 1404 eqo
670 1368 792 1397 Gentius
810 1369 956 1397 Beatricis
967 1370 1121 1406 prenomi-

153 1425 245 1448 natus
261 1429 316 1458 pro
334 1429 379 1449 me
391 1425 418 1449 ct
433 1421 647 1457 procuratorio
662 1421 786 1449 nominc
801 1421 940 1449 omnium
958 1422 1121 1459 supradic-

155 1478 252 1502 torum
281 1473 442 1501 hominum
467 1477 493 1501 et
516 1473 649 1501 aliorum
677 1474 731 1509 qui
758 1474 790 1502 in
814 1482 858 1501 me
879 1474 1116 1510 consentierunt,

153 1526 335 1555 auctoritate
354 1526 451 1554 nostri
465 1526 585 1554 domini
603 1526 775 1554 innocentii
786 1535 863 1563 pape
879 1527 928 1555 III
939 1531 966 1555 et
984 1528 1121 1555 auctori-

157 1583 215 1608 tate
237 1579 355 1607 domini
376 1579 407 1607 S.
431 1579 562 1615 ejusdem
585 1587 661 1616 pape
684 1579 851 1607 camerarii
872 1584 898 1607 et
921 1580 1043 1608 basilice
1067 1580 1123 1608 XII

154 1632 358 1668 apostolorum
379 1631 547 1668 presbyteri
569 1630 755 1666 cardinalis,
778 1636 804 1659 et
826 1640 893 1659 cum
918 1632 1074 1660 voluntate
1095 1637 1121 1661 et

155 1684 279 1713 licentia
301 1684 384 1713 Petri
406 1683 530 1712 Nibaldi
549 1683 731 1712 Narniensis
750 1688 893 1721 potestas,
918 1685 999 1719 facio
1015 1685 1119 1721 finem,

150 1737 368 1772 *refutationem
389 1740 414 1764 et
428 1740 604 1773 perpetuam
622 1736 876 1772 acquietationem
896 1737 975 1765 cobis
985 1737 1123 1766 Johanni

155 1789 301 1827 Stephani
323 1789 469 1818 Raimani
487 1789 609 1818 carzoli
631 1793 656 1816 et
683 1788 818 1817 Oderisio
838 1789 1020 1826 Rapiazoiiis,
1043 1791 1122 1819 reci-

153 1843 308 1880 pientibus
330 1851 386 1879 pro
404 1841 488 1870 vobis
511 1846 537 1869 et
560 1841 718 1869 heredibus
737 1841 818 1869 Petri
839 1841 932 1870 Scotti
952 1847 978 1870 et
999 1843 1121 1871 nomine

156 1895 353 1924 comunantie
368 1894 554 1923 Strunconis
573 1898 599 1922 et
619 1894 757 1922 omnium
781 1894 940 1923 hominum
962 1895 1036 1923 dicti
1055 1903 1121 1924 cas-

156 1949 208 1983 tri,
226 1948 260 1976 de
275 1947 416 1975 omnibus
429 1947 535 1975 debitis
551 1955 607 1983 que
621 1947 748 1981 suerunt
763 1955 896 1975 concessa
913 1956 930 1975 a
947 1956 1009 1976 com
1017 1949 1122 1976 muni·-

156 2005 215 2030 tate
225 2001 392 2029 Narniensi
402 2008 493 2037 super
506 2000 725 2028 communitate
736 1999 811 2028 dicti
823 2000 916 2027 castri
927 2000 1118 2035 Struneonis,

155 2058 181 2082 et
198 2053 231 2082 de
244 2053 370 2081 omnieo
386 2052 465 2089 quod
481 2052 635 2080 occasione
650 2052 784 2088 ipsorum
802 2051 968 2080 debitorum
987 2054 1030 2081 cel
1043 2054 1122 2082 alio-

156 2114 225 2134 rum
253 2114 308 2142 quc
333 2105 414 2133 dicta
440 2104 640 2133 comunantia
664 2104 844 2131 ,Vm-niensis
866 2109 961 2132 essent
986 2113 1121 2133 concessa

155 2167 249 2195 supra
266 2158 483 2186 communitate
502 2157 597 2194 ipsius
613 2158 725 2191 castri,·
745 2157 823 2193 quosl
843 2157 877 2185 de
898 2162 992 2186 cetero
1006 2167 1060 2195 pro
1079 2168 1123 2186 mc

157 2219 252 2248 neque
266 2210 422 2239 curatoria
440 2210 562 2238 nomine
577 2209 728 2237 dictorum
747 2210 907 2238 hominum
928 2219 987 2238 non
1006 2211 1120 2246 faciam

157 2264 239 2292 vobis
255 2263 417 2301 janulictis
438 2263 575 2291 ,Iohanni
593 2266 617 2290 et
640 2262 775 2290 Odcrisio
796 2271 846 2291 nee
864 2263 1023 2291 heredibus
1042 2264 1122 2292 Petri

158 2317 252 2346 Scotti
280 2325 372 2352 neque
399 2315 575 2343 hominibus
603 2315 699 2351 ipsius
725 2316 819 2343 castri
845 2315 1028 2344 Strunconis
1055 2317 1124 2345 inde

161 2370 255 2398 uttam
273 2370 355 2397 litem
374 2377 468 2405 neque
483 2368 621 2404 aliquam
643 2368 816 2404 petitionem
839 2368 869 2395 in
891 2369 979 2397 curia
1002 2378 1052 2397 nce
1071 2377 1123 2397 cz-

160 2428 218 2456 tra,
233 2422 329 2450 simul
343 2430 394 2449 nee
408 2421 546 2454 divisim,
563 2425 588 2448 et
604 2420 707 2448 omnia
726 2421 931 2449 instrumento
946 2430 1002 2458 que
1018 2422 1124 2450 amodo

158 2480 340 2513 apparerent
360 2476 422 2503 sint
447 2482 526 2503 cana
546 2479 571 2502 et
595 2483 688 2502 vacua
711 2478 736 2502 et
761 2474 859 2503 nichil
881 2475 1018 2509 caleant:
1041 2476 1124 2503 salvo

161 2534 261 2558 tamen
275 2527 353 2565 quod
366 2528 392 2555 si
404 2527 520 2563 aliquis
533 2526 779 2563 supradictorum
795 2527 954 2555 hominum
970 2527 1124 2555 Narnien-

159 2582 238 2610 sium
257 2580 334 2608 ‹tetmt
353 2579 483 2616 recipere
502 2579 628 2616 speciale
648 2579 779 2607 debitum
800 2588 856 2616 pro
877 2589 906 2607 sc
926 2584 951 2608 et
969 2589 1027 2608 non
1047 2580 1125 2617 quod

159 2638 228 2662 esset
251 2633 308 2661 sibi
331 2640 499 2661 concessum
523 2641 539 2659 a
563 2632 782 2660 communitate
804 2633 971 2660 Narniensi
996 2634 1025 2660 in
1047 2633 1126 2661 dicto

159 2690 273 2719 castro,
300 2684 378 2721 quod
405 2685 501 2712 caleat
525 2689 638 2720 petere,
667 2688 699 2711 ut
723 2685 898 2712 continetur
923 2685 955 2712 in
983 2685 1126 2713 mandato

159 2738 278 2767 domini
300 2746 385 2775 pape.
414 2737 448 2764 Et
471 2737 616 2773 promitto
642 2737 798 2764 curatorio
827 2737 948 2764 nominc
975 2737 1123 2765 dictorum

160 2790 380 2819 Narniensium
405 2789 483 2825 quod
507 2797 563 2817 non
589 2788 752 2822 deiIerunt,
782 2797 831 2817 nec
855 2797 905 2825 esso
928 2789 997 2817 decli
1018 2790 1052 2817 de
1073 2798 1125 2817 su-

157 2844 308 2882 pradictis
330 2843 437 2871 debitis
458 2843 556 2870 aticui
580 2842 679 2870 ultum
700 2842 755 2878 jus
777 2850 829 2869 scu
855 2842 1022 2873 rationem,
1049 2847 1074 2869 et
1099 2844 1126 2870 si

159 2897 339 2934 apparuerit
359 2904 411 2923 nos
431 2894 544 2923 dedisse
568 2899 726 2922 teneamur
750 2893 924 2929 defenderc;
947 2895 977 2922 in
1001 2903 1059 2931 quo
1080 2904 1126 2922 re-

161 2950 271 2979 nuntio
286 2949 371 2977 omni
390 2947 558 2984 exceptioni
579 2955 636 2975 non
661 2951 818 2975 numerate
830 2947 958 2983 pecunie
973 2952 999 2975 et
1013 2956 1126 2984 procu-

160 3003 273 3032 ratorie
286 3006 312 3030 et
330 3001 484 3030 insinuati
500 3001 543 3029 vet
556 3009 614 3028 non
632 3000 786 3028 insinuati
798 3004 973 3029 contractus
983 3001 1126 3037 omnique

1237 419 1406 455 exceptioni
1421 418 1530 446 directe
1548 419 1593 447 cel
1608 419 1682 447 utili
1701 419 1777 448 reali
1792 424 1818 447 et
1834 420 1989 456 personali
2005 424 2031 448 et
2043 420 2078 448 in
2097 419 2201 448 omni-

1239 470 1292 499 bus
1307 471 1489 507 certificatus
1510 476 1571 499 tam
1593 472 1627 499 de
1637 472 1710 508 jure
1727 477 1826 500 nostro
1841 481 1931 509 quam
1949 472 1983 501 de
1993 474 2066 510 jure
2079 472 2201 510 predic-

1240 527 1339 551 torum
1365 531 1382 550 a
1409 523 1518 559 quibus
1538 524 1718 553 mandatum
1742 526 1838 562 recepi
1863 530 1888 553 et
1911 525 2030 554 auxilio
2054 526 2153 563 leyum
2173 530 2201 554 et

1239 575 1468 603 consuetudinis
1488 580 1513 603 et
1534 576 1742 613 undecumque
1762 578 1847 605 nobis
1867 582 2029 615 competent
2046 578 2125 615 quod
2141 587 2202 607 nort

1239 635 1432 664 opponemus.

1282 679 1341 713 Que
1356 681 1460 708 omnia
1473 689 1523 717 esso
1539 681 1662 710 centius
1678 682 1823 711 Beati·icis
1838 683 1937 711 dictus
1951 691 2008 720 pro
2026 692 2071 711 me
2088 688 2114 712 et
2127 691 2202 721 pro-

1240 734 1396 761 curatorio
1410 734 1534 762 nomine
1545 734 1692 762 dictorum
1709 735 1868 763 hominum
1882 737 2103 765 Narniensium
2120 737 2204 765 vobis

1234 783 1301 822 jam
1330 785 1420 814 dictis
1445 786 1581 814 Johanni
1606 787 1752 824 Stephani
1778 793 1802 816 et
1829 788 1963 817 Oderisio
1987 789 2203 827 recipientibus

1238 846 1294 875 pro
1311 839 1390 866 robis
1405 843 1430 866 et
1441 847 1498 875 pro
1513 839 1669 867 heredibus
1684 840 1766 868 Petri
1781 840 1873 869 Scotti
1888 846 1914 869 et
1930 842 2052 870 nomine
2069 850 2203 871 commu-

1240 891 1350 919 nitatis
1373 891 1448 919 dicti
1469 892 1563 919 castri
1584 891 1763 920 Strunconis
1787 893 1940 922 obser-care
1962 899 1987 922 et
2013 903 2071 923 non
2096 899 2202 923 contra

1240 944 1344 972 venire
1360 944 1506 980 promitto
1529 944 1582 972 sub
1602 953 1679 981 pena
1706 945 1789 973 mille
1804 955 1979 974 marcarum
2001 947 2069 975 boni
2085 952 2111 975 et
2126 948 2204 984 puri

1240 997 1362 1033 arqenti
1378 997 1515 1033 leqitima
1527 998 1887 1035 stipulationepromissa
1895 1011 1905 1034 ,·
1919 1004 1945 1027 et
1957 1008 2036 1036 pena
2047 1000 2144 1029 soluta
2157 1000 2204 1029 vel

1241 1056 1321 1084 non,·
1338 1048 1390 1077 hoc
1410 1049 1650 1077 instrumentum
1665 1050 1789 1086 firmum
1807 1051 1846 1078 sit
1863 1052 1946 1079 omni
1963 1056 2102 1089 tempore.

1280 1102 1387 1129 Actum
1404 1102 1439 1130 in
1455 1101 1579 1130 civitate
1593 1102 1758 1131 Peruscina
1776 1103 1806 1131 in
1823 1104 1939 1140 palatio
1952 1105 2205 1142 archipresbyteri

1241 1155 1341 1182 sancti
1356 1155 1518 1182 Laurentii
1528 1155 1657 1190 Perusii,
1675 1156 1705 1183 in
1715 1157 1869 1192 presentia
1884 1157 2002 1185 comitis
2016 1157 2117 1186 Jacobi
2130 1162 2156 1186 et
2170 1158 2203 1187 G.

1241 1207 1371 1244 episcopi
1386 1207 1507 1236 Clusini
1522 1212 1548 1236 et
1565 1207 1594 1236 G.
1613 1208 1780 1237 Asisinatis
1795 1209 1932 1246 episcopi,
1955 1214 1981 1238 et
1997 1210 2097 1238 Jacobi
2110 1211 2204 1247 Apos-

1243 1260 1295 1288 toli
1320 1264 1346 1288 et
1371 1260 1576 1288 Bartholomei
1593 1260 1723 1290 Curbini
1737 1261 1891 1298 Siqinolfi,
1913 1262 2028 1290 Andree
2047 1263 2200 1298 Carbonis,

1242 1312 1343 1340 Ateoeii
1358 1312 1489 1347 Judicis,
1509 1313 1658 1349 Huyolini
1680 1313 1789 1341 Montis
1816 1314 1935 1347 L'biani,
1958 1314 2106 1350 Huqolini
2127 1315 2206 1344 Buc-

1242 1366 1346 1394 cellate
1361 1370 1387 1393 et
1403 1366 1564 1402 Maqaiotto
1581 1366 1716 1401 Galchis,
1736 1368 1880 1403 maqister
1895 1367 2006 1396 Mathei
2021 1368 2055 1396 dc
2070 1368 2204 1403 Boneita,

1242 1418 1426 1447 Bonaccursi
1450 1419 1568 1447 notarii
1592 1424 1618 1447 et
1645 1419 1817 1456 Uquichone
1839 1420 2002 1456 scriptore,
2027 1421 2128 1449 Nicolc
2154 1421 2206 1450 Gi-

1242 1470 1348 1505 rardi,
1374 1471 1476 1499 Jacobi
1500 1471 1691 1508 Raynuceini
1716 1476 1742 1500 et
1764 1472 1863 1501 Janne
1885 1473 1996 1509 Anqclo
2017 1472 2050 1501 de
2076 1473 2206 1502 Vetralla

1244 1524 1375 1552 testibus.

1281 1576 1340 1613 Eyo
1353 1576 1460 1605 Simon
1475 1577 1528 1605 Dei
1541 1577 1645 1614 qratia
1659 1577 1829 1614 imperialis
1841 1578 1911 1606 aule
1927 1579 2068 1606 notarius
2083 1579 2131 1607 his
2144 1587 2205 1607 om-

1242 1629 1333 1657 nibus
1350 1629 1479 1664 interfui
1493 1634 1617 1658 vocatus
1633 1634 1659 1658 et
1677 1635 1815 1667 rogatus,
1833 1631 1998 1668 subscripsi
2012 1636 2039 1660 et
2057 1633 2089 1660 in
2100 1632 2206 1669 publi-

1242 1672 1307 1710 cam
1323 1683 1454 1717 sormam
1472 1683 1582 1719 redeyi.

1203 1877 1322 1905 CCVIII
1337 1887 1364 1906 a.
1384 1892 1420 1899 —
1436 1878 1622 1906 vam-:oitm
1644 1878 1722 1906 Bene
1744 1879 1873 1907 Unosniss
1893 1888 1977 1907 sumzu
1994 1889 2142 1907 mnam-ns
2159 1889 2207 1907 Εσ-

1239 1935 1389 1954 οιεειᾼιιωι
1405 1927 1532 1954 Usamus
1544 1928 1563 1954 ¹.

1276 2035 1350 2066 Bela,
1369 2035 1415 2060 Dei
1428 2036 1522 2067 qratia
1539 2042 1600 2068 rex,
1616 2038 1671 2061 etc.

1204 2228 1318 2258 CCIX.
1342 2246 1380 2250 ——
1408 2229 1595 2260 INSTrrurio
1623 2238 1834 2260 cem-cenidum
1863 2239 1960 2260 SUPER
1990 2240 2208 2262 ΡεΤιΤιοΝιΒιΈ

1245 2290 1356 2311 DANDIS
1377 2291 1416 2311 ET
1436 2291 1632 2312 RECIPIENntS
1642 2285 1665 2311 ².

1284 2394 1318 2421 In
1338 2395 1460 2423 nomine
1477 2395 1526 2422 Dei
1538 2396 1636 2422 eterni
1652 2400 1677 2423 et
1695 2396 1865 2424 Salvatoris
1880 2396 1949 2423 Jesu
1966 2396 2090 2432 Christi,
2107 2406 2208 2425 amen.

1244 2446 1355 2474 Nullus
1370 2447 1496 2475 omnino
1510 2448 1651 2475 notarius
1664 2438 1822 2484 petitiones
1840 2449 1975 2485 recipiat,
1995 2450 2057 2477 nisi
2073 2458 2128 2486 que
2142 2451 2210 2485 sue—

1247 2499 1310 2527 rint
1336 2499 1365 2527 in
1390 2500 1548 2527 communi
1567 2500 1638 2528 (lata
1662 2505 1779 2537 recepte,
1808 2501 1851 2529 rel
1872 2510 1947 2537 quas
1967 2502 2110 2530 dominus
2130 2511 2208 2539 papa

1247 2551 1410 2579 tradiderit
1433 2556 1488 2580 aut
1514 2552 1630 2588 aliquis
1648 2553 1876 2587 cardinalium,
1899 2554 2073 2590 capellanus
2093 2564 2209 2591 quoque

1249 2604 1292 2632 c-et
1305 2605 1507 2639 camerarius,
1518 2609 1559 2632 sct
1575 2605 1753 2632 neutersine
1771 2605 1913 2633 mandato
1929 2606 2048 2634 domini
2060 2616 2153 2643 pape;
2167 2608 2209 2635 ita

1245 2813 1269 2837 1.
1287 2811 1452 2845 Repentino
1469 2811 1503 2837 de
1518 2812 1544 2838 la
1560 2813 1640 2846 picco
1657 2818 1688 2838 n⁰
1699 2812 1781 2838 CCV.
1800 2812 2212 2848 Enep01·taitprimitivement

1207 2860 1232 2885 le
1249 2865 1279 2885 n⁰
1295 2859 1397 2892 CCIX,
1413 2860 1462 2893 qui
1478 2868 1494 2885 a
1509 2862 1554 2886 e'u}
1570 2860 1644 2886 biffe.
2139 2863 2142 2865 ⁷

1243 2908 1270 2935 ⁴2.
1292 2907 1444 2940 Muratori‚
1464 2909 1572 2941 Antia„
1593 2912 1613 2934 t.
1636 2908 1663 2941 Ι,
1685 2917 1711 2943 p.
1730 2909 1791 2935 707.
1815 2908 1838 2935 Il
1858 2914 1991 2944 rapporte
2010 2910 2036 2936 la
2054 2911 2135 2946 piece
2154 2920 2209 2938 aux

1208 2956 1345 2982 environs
1361 2956 1395 2982 de
1414 2956 1491 2982 1220.
1514 2971 1548 2976 —
1571 2956 1743 2991 Regtement
1757 2957 1792 2983 de
1805 2957 1993 2984 chancellerie
2008 2967 2058 2985 sun·
2074 2960 2098 2986 la
2113 2960 2212 2987 redac-

1208 3005 1266 3031 ti0n
1284 3008 1312 3030 et.
1327 3005 1353 3030 Ia
1369 3004 1561 3038 presentation
1578 3005 1630 3031 des
1644 3005 1824 3040 suppliques.
