2392 3571
656 366 706 395 LE
729 366 874 396 LIBER
896 366 1130 398 CENSUUM
1154 367 1208 397 DE
1231 359 1418 398 L'13GLISE
1442 368 1650 399 ΒΟΜΑΙΝΕ.
2142 372 2196 402 471

151 432 345 461 M⁰CC⁰XXXI⁰
358 455 364 467 ,
405 433 602 469 pontificatus
635 433 753 461 domini
791 433 928 470 Greqorii
958 434 998 462 IX
1040 442 1116 471 pape

149 492 231 512 anno
260 484 286 519 V,
312 483 478 512 indictione
502 489 628 521 quarta,
655 485 767 514 mensis
791 486 901 514 martii
921 486 968 514 die
989 487 1111 521 ultima,

149 536 293 565 dontinus
310 536 472 574 Gregorius
486 537 520 565 dc
531 538 680 566 Romania
691 538 812 566 domini
824 547 899 575 pape
914 538 1117 567 subdiaconus

148 593 175 616 et
193 589 378 626 capellanus,
396 589 562 626 Campanie
572 590 785 627 Maritima-que
799 595 904 625 rector,
919 591 949 619 in
963 591 1116 627 presentia

150 642 210 669 mei
228 641 378 670 Jolzannis
400 642 496 670 Mettis
514 642 654 678 Anaynic
674 643 862 670 scriniarius
885 647 911 671 et
932 643 1116 679 subscripto-

147 702 219 726 rum
244 694 363 722 testium
385 694 424 722 ad
444 694 499 722 hoc
518 694 690 730 specialiter
711 699 895 731 inflatorum,
917 695 1040 723 nomine
1061 695 1116 723 Ro-

150 754 238 774 mane
261 745 378 774 ecclesie
399 746 509 782 recepit
529 747 740 782 possessionem
760 747 844 774 tertie
860 747 959 784 partis
973 747 1065 775 castri
1083 746 1117 774 de

149 798 320 832 Fommone,
335 806 391 835 per
402 803 508 835 portas
524 798 662 827 videlicet
680 799 776 835 ipsius
789 799 892 833 castri,
912 799 1079 827 claudendo
1090 803 1116 827 et

148 849 311 886 aperiendo
322 858 387 884 eas;
400 858 493 887 quam
512 851 633 879 tertiam
650 855 766 887 partem
783 851 928 879 dominus
945 851 1116 879 Gimunclus

148 902 182 930 (Ie
203 902 368 931 Fummone
391 903 423 931 in
448 903 584 932 custodia
608 907 746 932 tenuerat
767 904 803 932 ab
824 904 944 932 ecclesia
969 904 1114 938 Romana,

147 956 231 983 salvo
240 956 314 992 jtcre
327 956 463 984 aliorum
479 955 672 984 dominorum
691 956 725 984 cle
741 957 911 993 Fommone,
924 957 952 985 si
966 957 1045 993 quod
1062 957 1115 985 ha-

147 1008 212 1036 hent
232 1008 261 1036 in
278 1012 395 1045 partem¹
416 1008 597 1045 predictam.
619 1008 714 1045 Cujus
736 1009 780 1037 rei
801 1009 899 1046 royati
917 1013 989 1037 sunt
1006 1014 1088 1037 testes
1104 1019 1114 1036 .-

186 1061 324 1089 Alteri-us
345 1060 452 1098 Spata,
474 1060 636 1098 Greqorius
654 1061 775 1089 domini
794 1061 868 1095 Vite,
889 1061 1044 1090 Jordanus
1065 1062 1114 1089 Ve-

149 1113 240 1147 lnltts,
257 1113 308 1141 Leo
320 1114 475 1149 Armatus,
490 1113 652 1150 Greyorius
667 1113 786 1142 domini
803 1114 939 1151 Philippi
952 1114 986 1142 (le
1004 1114 1110 1149 Gcnne,

150 1166 384 1194 Transmtmdus
394 1166 428 1194 (le
439 1160 583 1199 Zancalo,
596 1166 703 1194 Petrus
716 1166 905 1195 Sarracenos
920 1171 946 1194 ct
961 1167 1114 1195 lohannes

147 1219 306 1247 Martinus.

186 1272 246 1308 Eyo
265 1271 418 1300 Johannes
441 1272 497 1300 Mel
520 1272 708 1300 scriniarius
730 1272 870 1309 Anagynic
892 1272 954 1300 hiis
973 1273 1113 1301 omnibus

149 1325 277 1359 interfui
292 1328 318 1352 et
333 1324 367 1352 cle
385 1324 530 1353 mandato
547 1324 622 1353 dicti
644 1325 763 1353 comitis
785 1325 935 1362 Campani
951 1329 976 1353 et
992 1330 1113 1362 royato-

148 1386 215 1405 rum
248 1377 369 1405 testium
401 1378 431 1405 in
459 1377 613 1414 publicam
641 1378 771 1412 sormam
805 1377 904 1414 redeyi
932 1383 959 1406 et
987 1378 1112 1415 siynum

143 1438 242 1467 posui.

107 1593 230 1620 CCXIX
245 1601 272 1620 a.
291 1607 328 1614 -
351 1595 571 1620 lustramentum
594 1595 791 1626 resiynationis
808 1595 895 1620 castri
915 1594 1044 1620 Fumonis
1062 1601 1112 1627 per

142 1642 264 1669 dominos
281 1643 407 1668 Fumonis
425 1642 537 1669 (lumino
552 1642 680 1675 Gregorio
692 1650 761 1675 pape
774 1645 792 1668 ¹.

177 1749 239 1776 Hoc
255 1754 299 1776 est
314 1750 478 1784 exemplum
494 1749 646 1776 cuiusdam
664 1750 848 1776 instrumenti
864 1749 899 1776 de
914 1750 1111 1784 resignatione

141 1798 290 1824 Fumonis.

177 1846 210 1873 In
234 1847 349 1874 nomine
366 1846 492 1879 Domini,
508 1855 601 1872 amen.
620 1847 706 1873 Anno
723 1846 786 1872 eius
805 1847 955 1872 millesimo
971 1847 1111 1873 ducente-

142 1895 215 1920 simo
242 1903 345 1927 xxxin,
373 1894 558 1928 pontificatus
586 1894 682 1920 domni
709 1893 840 1928 Gregorii
866 1894 909 1920 Ix
937 1903 1008 1928 pape
1035 1903 1109 1920 anuo

142 1942 280 1977 septimo,
307 1942 464 1968 indictione
487 1951 545 1974 vn,
569 1943 677 1968 mensis
704 1942 870 1968 novembris
897 1942 942 1967 die
971 1942 1108 1968 secunda.

139 1990 274 2017 dominus
295 1991 470 2023 Alexander,
496 1991 631 2016 dominus
651 1990 724 2017 Octo
747 1995 774 2016 et
797 1990 932 2017 dominus
959 1990 1110 2018 Bartholo-

143 2048 224 2066 meus
255 2040 290 2065 de
324 2039 450 2065 Fumone
476 2040 503 2065 in
530 2040 674 2073 presentia
698 2040 753 2065 mei
777 2039 918 2065 scriniarii
942 2044 970 2066 et
992 2041 1109 2066 testium

106 2218 251 2252 chapelain
269 2218 304 2244 de
321 2217 459 2252 Gregoire
475 2217 527 2248 lx,
547 2218 635 2252 prend
653 2219 832 2251 possession,
848 2226 881 2243 nn
899 2226 962 2243 nom
977 2218 1014 2244 dn
1029 2227 1109 2252 pape,

106 2266 142 2292 du
160 2267 230 2292 tiers
245 2266 279 2292 de
297 2266 321 2291 la
337 2265 506 2292 (zlizitellenie
523 2265 556 2291 de
575 2265 712 2298 Fumone,
729 2266 852 2292 detenue
868 2267 1112 2292 :interient-entem

107 2323 156 2349 par
172 2314 295 2340 Gimond
312 2314 346 2339 de
364 2313 502 2340 Fumone.
519 2313 560 2339 Cf.
579 2314 743 2343 ci-‹lessus‚
762 2321 792 2339 uo
807 2313 952 2340 CCXVII.

832 2367 851 2388 t.
870 2362 928 2395 111,
951 2372 977 2397 p.
995 2363 1057 2390 ς231.
1077 2377 1113 2383 -

107 2412 280 2443 Alexandro,
298 2411 365 2437 Otto
381 2415 408 2437 et
426 2411 608 2445 Bartlielemy
625 2411 659 2436 de
678 2410 804 2437 Fumone
823 2411 1042 2437 reconnaissent
1056 2420 1111 2445 que

147 2365 168 2389 1.
189 2363 204 2389 ἱ)
222 2363 377 2388 novembre
397 2362 473 2389 1233.
495 2376 530 2382 —
552 2362 706 2394 Μαι-31011,
730 2365 810 2392 Ant..

106 2460 132 2486 le
147 2459 332 2493 saint-stege
348 2463 391 2484 ost
408 2460 431 2484 le
449 2459 636 2493 proprietaire
654 2460 709 2485 reel
725 2459 759 2485 dc
776 2458 871 2485 Castel
891 2458 1028 2487 Fumone.
1043 2459 1113 2485 dont

107 2509 135 2535 ni
151 2517 209 2534 eux
226 2509 255 2534 ni
271 2509 348 2534 leurs
363 2508 494 2533 ancetres
511 2508 588 2533 n‘ont
603 2509 648 2533 ete
663 2516 718 2542 que
735 2507 776 2533 les
792 2507 943 2541 gat-diens3
961 2507 996 2533 ils
1012 2515 1113 2533 recon-

108 2557 236 2582 naissent
258 2557 420 2589 (galement
440 2564 475 2581 au
500 2555 684 2588 Sami-stege
709 2555 733 2581 la
759 2556 900 2589 propi-ieie
923 2555 959 2581 de
982 2555 1112 2581 diverses

105 2604 297 2638 acquisitions
313 2604 394 2629 faites
412 2612 461 2638 par
477 2612 532 2629 eux
548 2612 603 2629 aux
621 2604 766 2629 alentours
783 2603 818 2628 de
833 2611 866 2629 ce
882 2603 1029 2633 demaine,
1049 2604 1116 2629 saul'

107 2653 132 2678 la
150 2656 223 2678 terre
243 2652 278 2678 (le
301 2651 435 2681 l'returo,
456 2652 527 2678 dans
543 2652 568 2677 le
584 2652 726 2677 territoire
742 2651 877 2681 ‹1'Atan-i,
900 2651 1112 2685 qu’Alexandre

107 2701 176 2727 s’est
198 2702 345 2731 reservem
367 2700 457 2732 enfin,
476 2700 510 2726 ils
525 2699 653 2725 donncnt
672 2699 820 2733 quittance
841 2699 926 2724 d'une
947 2707 1058 2725 somme
1078 2699 1112 2724 de

107 2748 188 2779 6,(100
202 2749 288 2774 livres
300 2750 315 2774 a
326 2756 380 2774 eux
395 2750 493 2774 verse'e
509 2756 543 2773 au
562 2756 626 2773 nom
642 2747 678 2773 du
697 2756 778 2781 pape,
795 2755 829 2772 en
844 2747 1113 2781 dedommagement

107 2796 160 2823 des
175 2796 317 2829 depenses
333 2797 416 2822 saites
433 2805 483 2830 par
507 2804 562 2821 eux
585 2804 656 2829 pour
679 2795 703 2821 le
725 2795 789 2821 bien
807 2795 843 2821 du
861 2795 1004 2821 demaine.
1021 2810 1053 2814 —
1072 2794 1112 2821 Ici

107 2853 275 2872 commence
292 2853 329 2870 un
347 2845 444 2870 cahier
460 2844 596 2870 intercalc'·
611 2845 695 2878 apres
713 2844 736 2869 la
753 2844 964 2869 nuine'rotation
981 2843 1016 2869 de
1036 2843 1110 2876 1236,

107 2901 219 2920 comme
234 2893 252 2919 it
269 2897 315 2919 cst
330 2893 464 2927 explique
481 2892 552 2918 dans
566 2891 792 2918 l'introduction.
805 2891 861 2917 Les
875 2892 957 2917 titres
974 2891 1051 2917 n‘ont
1062 2899 1113 2925 pas

107 2943 152 2968 ete
167 2943 304 2968 executes
322 2949 371 2975 par
388 2942 413 2967 le
430 2940 599 2972 rubriciste,
617 2941 690 2966 mais
709 2940 924 2973 quelques—uns
939 2940 1052 2965 avaient
1067 2941 1112 2965 ete

107 2990 240 3024 indiques
255 2998 290 3015 en
308 2997 415 3023 marge.
431 2988 507 3015 C'est
522 2997 577 3014 eux
591 2996 648 3022 que
664 2989 719 3014 l'on
735 2996 751 3013 a
767 2987 917 3021 imprimes
932 2995 967 3013 en
984 2987 1110 3021 italique.

1234 433 1464 466 subscriptorum
1486 439 1717 469 recognoverunt
1739 440 1767 463 et
1790 437 1914 464 confessi
1936 441 2018 467 sunt.
2043 438 2118 472 quod
2137 443 2194 465 tam

1234 481 1288 515 ipsi
1318 489 1403 514 quam
1427 483 1626 515 progenitores
1648 491 1747 510 eorum
1770 484 1884 511 suerunt
1906 486 2044 513 custodes
2067 486 2197 513 Romane

1233 529 1355 555 ecclesie
1379 537 1462 555 rocce
1479 534 1508 556 et
1529 532 1615 557 castri
1639 531 1794 563 Fumonis;
1816 541 1900 566 quam
1917 534 2076 561 custodiam
2098 535 2153 569 ipsi
2168 538 2198 562 et

1232 581 1434 603 antecessores
1450 586 1549 604 eorum
1570 579 1732 606 habuerunt
1751 589 1767 606 a
1791 580 1930 607 Romanis
1947 583 2131 616 pontificibus
2146 584 2197 618 qui

1233 633 1284 659 pro
1300 629 1429 660 tempore
1452 626 1513 652 sedi
1536 627 1610 654 beati
1633 629 1754 662 apostoli
1780 629 1854 655 Petri
1879 631 2054 663 prefuerunt.
2077 631 2112 658 Et
2132 632 2197 659 ideo

1234 681 1269 698 ne
1285 673 1368 699 fidem
1386 674 1481 700 fallere
1497 675 1670 709 viderentur,
1685 677 1774 703 libere
1789 682 1816 703 et
1832 678 1962 704 absolute
1979 679 2199 713 resignaverunt

1233 725 1289 747 tam
1313 729 1408 747 arcem
1429 730 1513 756 quani
1530 729 1657 750 castrum
1678 725 1835 758 predictum
1854 726 2021 754 Fummonis
2036 736 2102 754 cum
2118 729 2196 755 omni

1233 768 1294 794 iure
1319 772 1347 794 et
1371 769 1504 796 dicu-ictu
1534 779 1586 796 suo
1614 773 1799 799 sanctissimo
1823 775 1893 808 patri
1917 775 2032 802 domino
2054 775 2195 810 Gregorio

1234 824 1309 842 nono
1332 825 1414 851 pape,
1440 817 1473 843 ad
1500 819 1591 852 ipsius
1615 820 1847 854 requisitionem,
1873 822 1907 847 ad
1932 823 2141 858 disponendum
2167 828 2197 851 et.

1233 864 1422 891 ordinandum
1446 865 1480 891 de
1502 874 1551 899 en,
1570 871 1653 900 prout
1675 876 1726 893 sue
1746 871 1890 896 sanctitati
1912 870 2057 904 placuerit.
2079 871 2113 898 Et
2129 872 2197 906 quia

1231 912 1299 939 dum
1321 913 1440 947 predicti
1461 915 1548 940 castri
1564 915 1630 941 dicti
1654 915 1789 943 dominus
1806 917 1977 949 Alexander,
1993 919 2065 945 Octo
2081 924 2109 946 et
2125 919 2196 946 Bar·

1232 961 1394 987 tholomeus
1424 965 1452 987 et
1481 964 1680 996 progenitores
1706 972 1804 991 eorum
1829 966 1988 992 custodiam
2015 968 2195 1001 hahuerunt,

1231 1009 1353 1042 quedam
1371 1010 1425 1043 ipsi
1445 1010 1487 1035 vel
1503 1015 1703 1037 antecessores
1719 1021 1816 1038 eorum
1839 1013 1998 1040 habuerunt
2017 1015 2197 1042 alienationis

1231 1058 1313 1083 titulo
1337 1058 1501 1092 conquisita
1525 1059 1559 1084 de
1585 1060 1751 1087 tenimentis
1776 1061 1914 1095 proximis
1938 1063 2115 1095 vicinorum,
2142 1064 2196 1091 hec

1230 1105 1327 1131 eadem
1343 1114 1408 1132 cnm
1425 1107 1576 1140 premissis
1591 1115 1656 1133 arce
1672 1112 1699 1133 et
1713 1112 1808 1134 castro
1825 1110 1851 1134 in
1870 1110 1914 1135 ius
1931 1110 2059 1137 Romane
2073 1112 2196 1138 ecclesie

1230 1153 1263 1179 ad
1290 1159 1460 1188 perpetuum
1484 1155 1643 1182 dominium
1669 1157 1894 1188 transtulerunt,
1919 1163 2037 1192 excepta
2062 1164 2137 1186 terra
2160 1160 2196 1187 de

1231 1202 1352 1228 Preturo
1369 1203 1460 1236 posita
1476 1203 1503 1229 in
1522 1204 1667 1230 territorio
1688 1205 1829 1237 Aleti-ino,
1847 1214 1931 1239 quam
1947 1215 1997 1240 pro
2013 1215 2044 1233 se
2060 1209 2196 1235 dominus

1229 1250 1394 1276 Alexander
1409 1252 1534 1285 excepit.
1556 1251 1618 1283 Que
1638 1252 1733 1278 omnia
1754 1253 1907 1279 defendere
1923 1255 1956 1279 ab
1973 1256 2049 1281 omni
2074 1264 2197 1290 persona

1230 1299 1426 1333 promiserunt
1443 1299 1568 1333 legitime
1585 1300 1639 1326 sub
1663 1309 1735 1333 pena
1753 1301 1831 1335 dupli
1852 1302 1880 1327 in
1904 1302 2058 1336 legitimam
2075 1304 2197 1338 stipula-

1229 1348 1335 1372 tionem
1351 1347 1484 1375 deducta.
1502 1347 1585 1379 Quod
1602 1348 1627 1374 si
1643 1350 1824 1383 contingeret
1841 1354 1871 1376 ut
1895 1351 1936 1376 vel
1954 1351 2072 1384 predicti
2088 1351 2197 1378 domini

1229 1395 1403 1426 Alexander,
1426 1395 1498 1422 Octo
1520 1401 1548 1422 et
1569 1396 1790 1423 Bartholomeus
1814 1402 1863 1424 aut
1888 1406 1987 1424 eorum
2011 1404 2144 1434 parentes
2167 1399 2196 1425 in

1229 1444 1418 1478 preiudicium
1442 1445 1483 1470 vel
1508 1445 1636 1471 fraudem
1653 1445 1782 1472 Romane
1798 1447 1931 1479 ecclesie,
1949 1456 2000 1473 seu
2020 1448 2115 1481 ipsum
2131 1456 2197 1475 cas-

1228 1495 1303 1518 trum
1318 1492 1362 1518 vel
1374 1493 1438 1518 eius
1450 1496 1558 1527 partem
1571 1497 1619 1519 aut
1630 1493 1736 1527 aliquid
1749 1494 1783 1520 de
1796 1495 2031 1529 possessionibus
2045 1496 2195 1523 tenimenti

1228 1540 1360 1573 ejusdem
1385 1541 1469 1567 alicui
1495 1541 1675 1568 universitati
1702 1542 1746 1567 vel
1771 1543 1968 1570 ecclesiastice
1993 1548 2041 1570 aut
2071 1545 2195 1572 seculari

1228 1595 1361 1622 persone,
1385 1588 1462 1622 quod
1484 1589 1569 1621 absit,
1593 1589 1712 1615 forsitan
1736 1590 1921 1624 alienassent‚
1942 1592 2141 1626 obligaverunt
2162 1601 2195 1619 se

1227 1637 1320 1674 penali
1343 1637 1528 1672 stipulatione
1551 1637 1666 1664 domino
1693 1637 1849 1665 Benedicto
1874 1639 1980 1667 domini
2007 1649 2078 1675 pape
2098 1649 2195 1668 came-

1227 1685 1311 1715 rai-io,
1330 1685 1478 1720 recipienti
1501 1687 1698 1720 procuratorio
1722 1687 1837 1713 nomine
1853 1696 1904 1722 pro
1921 1690 2061 1722 premisso
2077 1689 2194 1716 domino

1228 1742 1299 1768 papa
1321 1737 1350 1759 et
1370 1733 1499 1760 Romana
1521 1735 1652 1767 ecclesia,
1673 1735 1707 1761 ad
1732 1744 1833 1770 penam
1857 1737 1932 1762 mille
1951 1737 2086 1764 librarum
2102 1738 2193 1764 dena-

1228 1783 1334 1808 riorum
1356 1786 1491 1815 senatus,
1509 1784 1675 1810 solvendam
1699 1784 1754 1819 ipsi
1779 1785 1907 1811 Romane
1930 1787 2063 1819 ecclesie,
2085 1788 2110 1813 si
2130 1787 2194 1813 iura

1226 1830 1427 1856 conventionis
1449 1838 1504 1856 non
1526 1835 1732 1857 conservarent
1755 1832 1844 1859 illesa.
1861 1832 1896 1858 Et
1911 1832 2052 1860 dederunt
2069 1838 2194 1868 potcsta-

1227 1882 1282 1903 tem
1302 1879 1498 1912 procuratorio
1516 1878 1631 1904 nomine
1654 1879 1708 1913 ipsi
1725 1879 1840 1906 domino
1862 1880 2017 1907 Benedicto
2033 1882 2194 1916 occupandi

1229 1926 1442 1960 possessionem
1460 1927 1587 1952 omnium
1606 1928 1812 1960 premissorum
1826 1928 2051 1962 adquisitionum
2063 1937 2115 1955 sua
2127 1938 2194 1956 aue-

1228 1975 1356 2005 toritate,
1373 1975 1586 2000 constituentes
1606 1982 1638 2000 se
1657 1982 1689 2000 eu
1709 1975 1823 2001 nomine
1841 1976 1970 2002 Romane
1986 1978 2109 2004 ecclesie
2128 1986 2195 2012 pos-

1228 2022 1323 2048 sidere
1341 2022 1477 2056 precario,
1495 2023 1587 2048 donec
1604 2024 1810 2057 premissorum
1829 2026 2042 2058 possessiouem
2065 2026 2126 2060 ipse
2143 2026 2195 2052 do-

1228 2071 1325 2096 minus
1340 2070 1526 2100 Benedictus.
1540 2072 1583 2097 vel
1598 2072 1644 2097 cui
1657 2072 1792 2099 dominus
1809 2081 1880 2107 papa
1896 2082 1946 2099 seu
1959 2074 2022 2108 ipse
2037 2074 2195 2108 mandaret,

1227 2119 1382 2153 acciperet.

1262 2167 1308 2193 Ad
1325 2168 1460 2193 maiorem
1478 2172 1573 2193 autem
1590 2168 1752 2194 firmitatem
1769 2169 1897 2195 omnium
1916 2171 2122 2204 premissorum
2139 2171 2195 2205 ipsi

1227 2215 1364 2241 dominus
1386 2216 1564 2248 Alexander,
1585 2216 1657 2242 Octo
1680 2221 1707 2242 et
1731 2216 1966 2248 Bartholomeus,
1989 2219 2073 2245 tuf-tls
2095 2227 2197 2245 sacro-

1228 2264 1336 2290 sanctis
1347 2265 1515 2298 evangeliis,
1529 2265 1697 2291 iuraverunt
1712 2274 1762 2299 per
1777 2273 1808 2291 se
1824 2274 1951 2300 suosque
1966 2267 2085 2293 heredes
2101 2267 2197 2294 omnia

1230 2312 1370 2346 premissa
1385 2316 1444 2337 rata
1459 2315 1488 2338 et
1503 2312 1584 2338 firma
1600 2313 1715 2345 habere,
1733 2316 1760 2338 et
1775 2318 1875 2339 contra
1891 2322 1923 2339 ea
1941 2315 2016 2340 nullo
2033 2316 2197 2349 excogitato

1229 2361 1344 2394 ingenio
1362 2361 1453 2386 facere
1472 2361 1515 2386 vel
1537 2361 1644 2386 venire.
1661 2361 1694 2386 Et
1710 2362 1777 2395 qnia
1793 2362 1878 2388 iidem
1896 2362 2002 2388 douiiui
2022 2364 2196 2396 Alexander,

1229 2409 1300 2435 Octo
1310 2413 1337 2434 et
1345 2407 1566 2434 Bai-tholomeus
1574 2417 1606 2434 se
1616 2413 1642 2434 et
1652 2417 1722 2443 suos
1730 2414 1932 2436 antecessores
1942 2412 2045 2437 multas
2053 2419 2198 2445 expensas

1229 2461 1256 2482 et
1270 2457 1366 2490 gravia
1378 2456 1500 2490 dampna
1518 2464 1568 2490 pro
1583 2457 1711 2490 predicta
1727 2458 1858 2483 custodia
1875 2458 1943 2484 dicti
1960 2460 2047 2484 castri
2060 2458 2198 2486 Fumonis

1229 2504 1408 2530 sustinuisse
1425 2504 1568 2537 dicebant,
1586 2505 1686 2530 volens
1702 2505 1838 2531 dominus
1854 2515 1924 2540 papa
1942 2507 2088 2533 laboribus
2103 2512 2130 2533 et
2145 2516 2196 2533 ex-

1230 2553 1328 2587 pensis
1343 2560 1443 2578 eorum
1460 2553 1621 2583 consulere,
1635 2553 1662 2578 in
1681 2553 1825 2585 presentia
1842 2562 1903 2580 mea
1921 2561 1949 2580 et
1964 2556 2196 2589 subscriptorum

1231 2601 1347 2627 testium
1365 2600 1433 2626 fecit
1448 2601 1491 2626 eis
1507 2600 1579 2626 solvi
1596 2601 1623 2626 iu
1639 2606 1774 2634 argento,
1793 2602 1819 2626 in
1837 2607 1951 2627 moneta
1968 2603 2100 2629 videlicet
2119 2608 2196 2629 stet·-

1229 2649 1388 2682 lingorum,
1410 2655 1461 2673 sex
1485 2648 1571 2674 millia
1596 2648 1731 2674 librarum
1757 2648 1939 2675 denariorum
1965 2655 2097 2680 senatus,
2122 2658 2196 2684 quos

1230 2697 1359 2723 fecerunt
1379 2696 1483 2722 deferri
1507 2700 1534 2722 et
1557 2697 1698 2730 asportari
1719 2705 1769 2730 pro
1792 2705 1844 2723 sue
1864 2698 2020 2724 voluntatis
2035 2699 2152 2725 arbitrio
2167 2699 2196 2725 in

1230 2744 1374 2779 presentia
1390 2752 1451 2770 mea
1465 2749 1494 2770 et
1509 2745 1626 2770 testium
1643 2745 1894 2778 subscriptorum:
1917 2746 2089 2772 confitentes
2107 2751 2134 2772 et
2151 2755 2197 2773 re-

1230 2797 1442 2827 cognoscentes
1457 2792 1492 2818 de
1507 2793 1841 2827 dampnis‚expensis,et
1852 2793 1887 2819 de
1900 2795 2051 2827 premissis
2066 2794 2197 2829 adquisi-

1229 2841 1358 2868 tionibus
1379 2841 1526 2866 translatis
1542 2841 1570 2866 in
1589 2842 1640 2874 jus
1657 2841 1786 2866 Romane
1802 2841 1939 2874 ecclesie,
1957 2842 2013 2868 sibi
2029 2843 2196 2876 plenissime

1230 2889 1410 2915 satisfactum
1433 2888 1468 2914 de
1490 2889 1630 2922 premissa
1653 2890 1775 2922 pecunia
1795 2890 1823 2915 in
1846 2889 1900 2915 iam
1921 2890 1998 2916 dicto
2013 2895 2144 2925 argento.
2160 2891 2198 2918 Et

1230 2937 1468 2964 renuntiaverunt
1483 2936 1646 2971 exceptioni
1663 2944 1718 2962 non
1736 2942 1885 2963 numerate
1900 2945 1953 2964 seu
1971 2946 2026 2964 non
2043 2939 2198 2974 ponderate

1231 2984 1352 3020 pecunie
1372 2988 1401 3010 et
1422 2984 1558 3011 omnibus
1581 2985 1646 3010 aliis
1670 2984 1894 3019 exceptionibus
1915 2994 1971 3019 que
1991 2986 2025 3012 ad
2047 2987 2198 3012 resolven-
