2392 3571
146 337 205 366 528

225 402 378 429 Jolutnnes
393 400 426 427 cle
445 400 561 432 Tibure,
580 399 670 427 testis.

228 454 286 490 liyo
307 453 411 481 Petras
434 452 468 479 ile
488 452 597 480 Sancto
618 451 688 479 Polo
711 451 761 479 Dei
781 452 884 488 ³qratia
905 456 1005 479 sancte
1021 451 1151 479 Romane

186 506 305 535 ecclesie
316 505 513 538 scriniarius,
528 509 651 541 royatus
663 504 742 532 lianc
753 504 903 532 cartulam
914 505 1041 541 propria
1056 512 1150 532 manu

185 559 304 595 scripsi.

147 716 222 755 [10.]
240 717 275 744 De
288 716 384 744 eodem
399 716 421 743 ¹.

225 821 260 848 In
287 821 410 848 nomine
433 820 567 848 Domini.
592 820 679 848 Anno
703 821 767 856 esus
793 821 968 848 nativitatis
991 821 1151 849 millesimo

187 873 379 907 FCXXXIIII,
399 873 565 901 indictione
586 873 638 901 ΠΙ
657 877 681 900 et
700 881 782 901 anno
803 873 870 901 VIII
884 874 1082 910 pontificatus
1098 874 1151 902 do-

185 927 266 955 mini
293 926 429 962 Gregorii
454 926 538 954 VIIII
556 934 641 962 pape,
670 934 768 954 mense
783 931 911 962 augusto
931 926 979 954 die
1001 927 1072 954 Xt't.
1095 927 1151 956 Nos

186 979 306 1016 quidem
321 979 480 1007 Javcnalis
493 978 526 1006 de
546 979 630 1006 Petro
649 978 767 1006 Vasarii
782 983 806 1006 et
826 979 969 1007 ,Vieolaus
986 980 1100 1016 ltodulfi
1118 980 1151 1008 cle

185 1031 305 1060 Narnia
330 1031 385 1059 liae
411 1031 457 1058 die
477 1031 610 1067 presenti
629 1031 756 1067 propria
780 1036 881 1059 nostra
904 1032 977 1059 bona
999 1033 1152 1061 voluntate

185 1085 420 1118 renuntiamus,
452 1084 587 1112 cedimus
613 1089 638 1112 et
665 1084 851 1112 mundamus
880 1085 958 1113 cobis
986 1086 1152 1114 Crescentio

185 1138 304 1166 domini
320 1146 396 1174 pape
412 1138 586 1174 cappellano
608 1142 633 1166 et
652 1138 796 1174 mayistro
814 1138 955 1174 l'liilippo
974 1138 1007 1166 de
1024 1139 1152 1168 Ceccano

185 1191 297 1218 nuntio
317 1190 435 1218 domini
457 1199 532 1226 pape
557 1190 770 1227 recipientibus
793 1192 1005 1227 procuratorio
1031 1192 1152 1220 nmnine

183 1253 239 1281 pro
259 1243 381 1271 domino
403 1243 543 1279 Grcssorio
565 1251 684 1270 summo
703 1243 842 1279 pontifice
862 1244 984 1279 (jusque
1004 1253 1152 1272 successo-

184 1297 270 1325 ribus
282 1296 311 1324 in
327 1300 448 1332 perpetu
456 1304 503 1323 um
519 1296 557 1323 ad
571 1304 643 1332 opus
657 1301 682 1324 et
697 1296 859 1324 utilitatem
874 1297 990 1325 ecclesie
1006 1298 1150 1331 Romane,

186 1349 325 1377 videlicet
343 1357 430 1376 omne
443 1349 496 1384 jus
515 1353 540 1375 et
558 1349 705 1376 actionem
728 1348 964 1387 competentc[m]
984 1350 1066 1378 nobis
1081 1359 1153 1378 con-

187 1407 233 1430 tra
263 1402 422 1430 [lominum
455 1411 563 1438 papam
597 1406 622 1429 et
652 1401 804 1429 ecclesiam
838 1402 1004 1429 Romanam
1034 1404 1154 1431 ratione

184 1463 237 1483 xxx
266 1455 415 1483 librarum
448 1454 633 1481 laccensium
662 1462 737 1489 quas
762 1462 812 1489 eyo
830 1454 990 1482 Jurenalis
1012 1456 1155 1483 mutuavi

185 1507 402 1536 communitati
412 1506 444 1534 de
454 1511 550 1534 castro
563 1506 701 1540 tftrieztts,
714 1506 791 1534 sieut
801 1511 987 1543 apparetper
996 1508 1152 1544 publicum

184 1560 426 1588 instrumentum
443 1559 591 1595 scriptum
607 1566 661 1594 per
678 1566 804 1586 nulnum
824 1558 954 1586 Oradini
970 1560 1150 1594 scriniarii,

184 1616 210 1640 et
237 1612 355 1639 ratione
380 1611 491 1647 eigyinti
514 1611 608 1638 trium
630 1610 782 1638 librarum
803 1611 987 1639 laccensium
1008 1621 1083 1648 quas
1103 1622 1153 1649 eqo

185 1665 327 1693 Nieolaus
344 1663 487 1691 mutuavi
505 1663 598 1690 eidem
618 1664 836 1691 communitati
855 1664 930 1692 dieti
951 1665 1044 1693 castri
1071 1666 1153 1694 lJtri—

183 1717 259 1751 culi,
276 1717 353 1745 sieut
371 1721 494 1753 apparet
506 1725 560 1752 per
570 1716 727 1752 publicum
748 1716 985 1745 instrumentum
1005 1719 1150 1755 seriptum

180 1779 235 1807 per
251 1778 377 1797 manum
401 1769 484 1797 Greci
501 1769 659 1802 scrinarii,
681 1777 736 1805 que
757 1770 962 1797 instrunu’nta
985 1771 1063 1798 cobis
1079 1780 1153 1799 can-

183 1823 290 1851 cellata
314 1822 481 1855 reddimus,
501 1826 526 1849 et
547 1821 626 1849 dieta
650 1822 782 1858 ipsorum
803 1822 896 1850 deleri
911 1824 1100 1860 precipimus
1120 1828 1152 1852 ut

183 1876 290 1904 amodo
309 1875 366 1903 eim
391 1875 434 1902 eet
452 1875 542 1902 rolntr
559 1874 679 1902 nullum
697 1875 853 1910 optineant
867 1880 891 1902 ct
909 1876 992 1903 nobis
1006 1885 1065 1904 non
1081 1886 1152 1913 pro-

182 1929 290 1965 ficiant
315 1933 339 1955 ct
360 1927 483 1955 domino
506 1936 580 1963 pape
598 1932 623 1955 ct
644 1928 761 1955 ceclesIe
779 1928 908 1955 Romane
931 1937 990 1956 non
1014 1934 1150 1957 noceant.

184 1981 324 2010 Cedimus
340 1989 455 2016 quoque
473 1985 497 2008 ct
516 1980 700 2007 mandamus
723 1978 800 2008 coitis
814 1990 870 2017 pro
891 1981 1013 2009 «lantino
1029 1991 1106 2018 papa
1127 1988 1152 2011 et

183 2035 301 2063 ecclesia
321 2034 452 2061 lfomana
467 2033 616 2069 ornnejus
633 2038 657 2061 ct
674 2033 805 2061 actiones
823 2034 915 2061 reales
930 2038 955 2061 ct
969 2035 1149 2070 personales,

185 2087 292 2115 tacitas
315 2091 340 2114 ct
356 2095 518 2122 expressas,
546 2086 634 2113 utiles
650 2090 674 2113 et
691 2085 835 2120 directas,
857 2087 940 2114 nobis
958 2092 1152 2124 competentes

184 2143 290 2168 eontra
314 2139 450 2167 homiues
467 2139 499 2166 de
521 2138 666 2172 L'triculo,
685 2138 718 2166 de
736 2139 831 2167 debito
856 2140 884 2167 in
908 2148 965 2176 quo
990 2140 1047 2177 ipsi
1070 2141 1152 2169 nobis

184 2192 372 2219 tenebantur.
395 2191 477 2219 llane
499 2195 598 2219 autem
619 2192 830 2226 refutationem
850 2196 875 2220 et
891 2193 1049 2221 cessionem
1071 2193 1152 2221 vobis

178 2253 235 2281 pro
250 2244 460 2280 dominopapa
477 2249 502 2272 ct
519 2244 640 2272 ecelesia
655 2244 789 2272 Romana
805 2245 946 2279 facimus,
967 2246 1041 2281 qula
1058 2246 1151 2282 liquet

180 2297 264 2325 nobis
288 2301 423 2325 castrum
448 2296 578 2325 l'triculi
604 2304 672 2325 cum
697 2306 750 2325 suo
774 2297 938 2325 tenimento
961 2302 986 2326 et
1010 2299 1152 2326 omnibus

178 2350 377 2386 pertinentiis
393 2350 457 2377 suis
473 2350 511 2377 ad
529 2350 688 2377 dominum
703 2358 815 2386 papam
832 2355 858 2378 et
873 2351 1024 2378 ecclesiam
1042 2352 1151 2380 Itoma-

182 2411 255 2431 «nam
278 2403 363 2439 pleno
382 2402 455 2438 jure
477 2407 620 2438 spectare,
645 2407 670 2430 et
695 2404 861 2439 recepimus
885 2412 901 2431 a
926 2404 1006 2431 cobis
1029 2405 1151 2433 nomine

184 2455 303 2483 domini
318 2464 393 2491 pape
413 2459 437 2483 et
458 2455 575 2483 ecclesie
593 2456 723 2483 Romane
738 2464 795 2492 pro
815 2456 899 2484 omni
923 2457 1104 2491 olttiyp‘ztione
1124 2462 1150 2486 et

175 2508 250 2543 jure
267 2512 378 2540 nostro,
397 2518 446 2544 eyo
461 2508 619 2536 Jueenalis
632 2516 723 2536 xv1111
741 2508 834 2536 lilmas
854 2513 878 2536 et
898 2509 1022 2537 sedecim
1040 2510 1150 2537 solidos

183 2561 327 2589 bonorum
347 2560 530 2588 laccensium
545 2565 570 2588 et
584 2569 633 2597 esso
644 2560 786 2589 Nicotaus
801 2570 837 2588 xx
853 2562 948 2589 libras¹
962 2566 988 2590 et
1003 2571 1024 2590 11
1041 2562 1150 2591 solidos

181 2614 327 2641 bonorum
346 2614 542 2647 laccensium,
559 2615 632 2650 quia
646 2615 708 2642 alia
721 2616 852 2650 pecunia
867 2624 922 2651 que
937 2616 1150 2644 continebatur

181 2667 214 2694 'in
229 2667 443 2694 instrumentis
454 2671 518 2694 erat
533 2675 638 2694 usura.
651 2667 686 2694 Dc
701 2667 811 2702 quibus
824 2676 874 2695 nos
886 2667 955 2695 bene
968 2668 1084 2704 quietos
1099 2677 1149 2696 eo-

181 2726 299 2752 camus,
314 2723 339 2747 et
353 2719 551 2755 exceptionem
567 2727 625 2747 non
641 2724 798 2748 numerate
809 2728 859 2748 seu
876 2721 1148 2758 restitutepecunie

180 2887 201 2912 1.
224 2886 329 2919 Narni,
355 2889 383 2913 tr>
405 2889 472 2914 nom
496 2889 572 2916 1234.
595 2904 629 2909 —
652 2889 806 2921 Quittance
822 2890 857 2916 de
873 2890 994 2916 Juvenal
1012 2891 1046 2916 dc
1065 2890 1148 2917 Petro

142 2934 254 2961 vasari}
277 2940 304 2961 ct
328 2936 362 2961 dc
388 2937 501 2962 Nicotas
528 2937 652 2963 Rodulfi.
679 2937 821 2969 Ceoance,
849 2939 879 2964 44
908 2939 1011 2970 {iv1·es;
1036 2947 1147 2965 somme

141 2984 273 3013 tom-1100,
292 2984 323 3009 30
339 2984 424 3010 lis-res
444 2985 471 3010 ts
486 2993 567 3012 sous.

694 333 744 362 LE
767 333 912 362 LIBER
935 331 1170 362 CENSUUM
1194 331 1248 360 DE
1272 320 1459 360 L’EGLISE
1483 330 1693 360 ROMAINE.

1275 396 1415 424 ammodo
1434 405 1579 433 opponere
1598 397 1824 431 renuntiamus,
1844 401 1870 424 et
1885 405 2002 425 omnem
2021 396 2117 425 aliam
2137 405 2240 434 excep-

1275 449 1384 477 tionem
1404 449 1462 486 ipsi
1483 449 1605 477 domino
1623 458 1699 486 pape
1719 454 1744 477 et
1765 449 1882 477 ecclesie
1903 449 2033 477 Romane
2052 450 2239 478 nocituram.

1273 502 1328 530 Jus
1345 510 1411 530 vero
1432 501 1510 538 quod
1532 506 1636 530 eontra
1657 502 1815 530 dominum
1837 510 1948 539 papam
1969 506 1994 529 et
2013 502 2168 530 eeclesiam
2185 502 2241 530 Ro-

1274 563 1398 582 manam
1429 555 1572 583 habemus
1600 559 1625 582 et
1655 555 1739 583 nobis
1763 555 1902 591 commit
1925 563 1979 591 pro
2004 554 2085 582 dicta
2109 555 2241 591 pecunia

1277 607 1357 635 nulli
1374 607 1513 636 dedimus
1528 616 1651 644 persone
1669 616 1720 636 nec
1736 607 1956 635 mandavimus
1969 608 2032 636 sive
2045 608 2240 642 collusimus,-

1273 660 1322 688 sed
1336 660 1362 687 si
1378 664 1537 696 appareret
1553 660 1631 696 quod
1650 660 1708 688 ulli
1722 668 1846 696 persone
1863 659 2047 688 dedissemus
2065 660 2110 688 vet
2125 660 2241 688 aliena·

1274 713 1421 741 vissemus
1442 713 1505 740 siee
1525 713 1761 746 mansissemus,
1792 721 1878 740 omne
1898 712 2065 749 dampnum
2091 712 2170 749 quod
2188 712 2242 741 do-

1274 767 1379 794 minus
1395 775 1473 803 papa
1493 770 1518 794 et
1541 766 1662 794 eeclesia
1683 766 1817 794 lfomana
1837 765 1906 794 inde
1923 766 2064 794 (tabuerit
2083 770 2109 794 et
2134 766 2243 802 inpen-

1273 827 1337 847 sam
1359 827 1449 855 quam
1467 819 1579 854 feeerit,
1604 819 1633 847 in
1658 819 1769 846 nostris
1790 819 1873 847 bonis
1888 819 1945 846 sibi
1967 819 2035 847 bene
2054 818 2243 855 placentibus

1273 871 1446 907 ubicunque
1467 871 1586 899 intrare
1605 871 1734 899 voluerit
1755 871 1877 899 nomine
1894 871 1964 899 bone
1979 871 2107 908 pleiarie
2123 875 2243 899 restau-

1274 932 1343 952 rare
1359 923 1580 960 promittimus.
1599 924 1655 952 Pro
1666 924 1776 960 quibus
1789 924 1929 951 omnibus
1941 923 2128 960 supradietis
2143 923 2243 952 obser-

1273 976 1384 1004 vandis
1402 977 1571 1012 obliyamus
1594 985 1645 1004 nos
1667 981 1692 1004 et
1714 981 1816 1004 nostra
1833 977 1907 1004 bona
1920 998 1926 1009 ,
1946 980 1971 1004 ct
1991 976 2098 1004 amodo
2120 977 2242 1005 nomine

1275 1029 1339 1057 dom
1348 1030 1476 1066 inipape
1488 1034 1513 1057 et
1525 1029 1641 1057 ecclesie
1654 1030 1783 1057 Itomane
1792 1029 1931 1066 precario
1943 1033 2039 1057 tencre
2051 1029 2240 1066 confitemur,

1274 1082 1363 1110 donec
1381 1082 1413 1110 dc
1430 1082 1490 1110 hiis
1507 1082 1648 1109 (nnnibus
1663 1090 1681 1110 a
1699 1082 1780 1110 nobis
1799 1082 1894 1117 fuerit
1914 1082 1972 1109 sibi
1990 1081 2136 1118 condique
2151 1082 2244 1111 satis-

1273 1136 1386 1169 factum
1400 1145 1410 1169 ;
1430 1139 1455 1163 et
1474 1135 1509 1163 ab
1531 1135 1588 1162 liae
1606 1135 1681 1162 tmra.
1707 1135 1738 1162 in
1762 1139 1851 1162 antea
1870 1134 2014 1162 (lominus
2030 1143 2112 1171 papa
2134 1139 2160 1163 et
2179 1135 2244 1171 ejtts

1275 1197 1453 1217 successores
1477 1187 1574 1224 adque
1600 1188 1723 1215 ecclesia
1748 1188 1882 1215 Romana
1910 1188 1972 1215 sint
1996 1188 2105 1221 securi,
2134 1188 2239 1224 quieti,

1277 1241 1453 1277 tranquilli,
1476 1240 1609 1277 pacifici,
1632 1245 1656 1268 et
1680 1241 1715 1269 ab
1735 1241 1822 1268 omni
1838 1241 1890 1268 lite
1904 1245 1930 1269 ct
1946 1241 2099 1277 questione
2122 1241 2241 1269 remoti.

1275 1294 1460 1330 Supradicta
1485 1295 1588 1322 omnia
1611 1302 1663 1321 nos
1685 1293 1856 1330 supradicti
1874 1294 2033 1322 ,Iuvenalis
2057 1298 2081 1321 et
2103 1293 2245 1322 ,Vieolaus

1277 1351 1343 1374 rata
1356 1346 1507 1383 firmaque
1521 1346 1627 1374 liaberc
1637 1346 1849 1383 promittimus
1861 1355 1914 1383 per
1928 1355 1978 1374 nos
1991 1351 2017 1374 ct
2032 1350 2148 1374 nostros
2158 1346 2244 1374 ltere-

1276 1400 1324 1427 des¹
1352 1399 1432 1427 ¹cobis
1456 1399 1623 1428 Crescentio
1644 1403 1669 1426 et
1695 1399 1839 1434 mapistro
1863 1398 2003 1435 l'liilippo
2030 1399 2245 1435 recipientibus

1272 1460 1329 1488 pro
1341 1452 1464 1479 domino
1473 1460 1553 1488 papa
1567 1456 1591 1479 et
1604 1452 1723 1479 eeclesia
1739 1452 1884 1485 Romana,
1899 1456 1923 1479 et
1937 1456 2040 1479 contra
2054 1460 2110 1479 non
2129 1452 2240 1480 venire.

1277 1505 1360 1539 Quod
1376 1505 1402 1532 si
1420 1509 1525 1532 eontra
1544 1505 1707 1540 fecerimus
1726 1505 1768 1532 ecl
1786 1505 1812 1532 si
1832 1504 1967 1540 predicta
1988 1504 2122 1541 capitula
2139 1504 2245 1532 omnia

1272 1558 1359 1594 plene
1383 1566 1442 1585 nonv
1463 1557 1740 1591 observaverimus,
1761 1557 1973 1593 promittimus
1993 1556 2064 1584 dare
2085 1561 2111 1584 et
2132 1557 2245 1585 solvere

1276 1611 1357 1638 eoois
1379 1610 1511 1646 leyitime
1529 1610 1749 1646 stipulantibus
1762 1618 1818 1646 pro
1834 1609 1957 1638 domino
1973 1618 2054 1646 papa
2075 1613 2100 1637 ct
2122 1609 2245 1638 ecclesia

1276 1662 1426 1697 Romana,
1446 1666 1516 1689 ante
1537 1670 1624 1689 omne
1645 1661 1709 1689 litis
1723 1661 1916 1698 principium
1931 1683 1936 1694 ‚
1954 1660 2081 1698 duplum
2101 1660 2176 1689 dicte
2192 1669 2245 1697 pe-

1276 1715 1364 1743 cunie
1382 1715 1505 1742 nomine
1518 1723 1602 1751 pene,
1623 1723 1759 1752 penuque
1774 1715 1871 1742 soluta
1894 1714 1944 1742 lice
1967 1718 2053 1742 carta
2068 1714 2160 1750 firma
2174 1722 2246 1751 per-

1276 1772 1408 1796 maneat.
1447 1768 1543 1801 Quam
1573 1768 1701 1795 seribere
1732 1767 1909 1804 ropaeimus
1944 1767 2065 1795 Petrum
2098 1766 2245 1795 Retinaldi

1275 1821 1479 1850 scriniarium
1500 1821 1532 1849 in
1550 1829 1647 1849 mense
1665 1825 1690 1848 et
1707 1821 1754 1848 die
1776 1820 1922 1857 predicta.
1944 1821 2050 1848 ,tetum
2076 1820 2105 1848 in
2126 1819 2244 1857 palatio

1276 1874 1395 1902 domini
1413 1874 1541 1911 episcopi
1564 1873 1759 1907 Narniensis,
1778 1882 1878 1901 coram
1904 1873 1965 1909 ipso
1985 1872 2246 1910 episeopo.‚Testes

1276 1927 1323 1955 liii
1337 1931 1409 1955 sunt
1427 1927 1525 1963 reflati
1543 1937 1552 1954 :

1314 1980 1440 2009 Jacobus
1468 1979 1614 2008 Rainatdi
1643 1979 1677 2007 de
1706 1979 1825 2007 Narnia
1855 1980 2022 2008 eanonicus
2047 1979 2240 2014 Narniensis,

1276 2033 1377 2067 testis;

1314 2086 1479 2114 Rainerius
1497 2085 1645 2114 Guidonis
1661 2085 1694 2113 de
1707 2085 1923 2122 Septimiliuno
1938 2085 1972 2114 de
1984 2085 2123 2117 Sabinia,
2143 2084 2224 2113 testis
2232 2095 2243 2120 ,-

1315 2138 1642 2175 Boneinsiynia-judea:
1655 2138 1689 2166 de
1704 2138 1847 2173 Matiana,
1869 2139 1971 2173 testis;

1314 2192 1471 2221 Donadeus
1486 2192 1674 2220 scriniarius
1690 2191 1723 2219 de
1739 2191 1883 2226 l'triculo,
1904 2191 2004 2226 testis,-

1310 2245 1463 2274 Johann-es
1481 2245 1628 2273 Guidonis
1643 2244 1676 2272 de
1695 2245 1840 2279 L'triculo,
1864 2244 1964 2279 testis,-

1316 2300 1502 2328 Oetavianus
1518 2298 1551 2327 de
1571 2298 1716 2332 Litricuto,
1735 2298 1835 2327 testis:

1312 2353 1450 2381 Jolianne
1467 2352 1500 2380 de
1519 2351 1636 2385 Tibure,
1657 2351 1748 2379 testis.

1313 2406 1372 2442 Epo
1394 2405 1499 2433 Petrus
1519 2404 1553 2432 de
1573 2404 1682 2433 Sancto
1703 2404 1771 2431 Polo
1795 2403 1844 2431 Itei
1861 2403 1965 2440 aratia
1986 2407 2088 2430 sancte
2113 2402 2243 2430 Romane

1272 2459 1390 2487 ecclesie
1400 2457 1596 2491 scriniarius,
1613 2461 1735 2492 rogyatus
1749 2456 1828 2484 lianc
1842 2455 2133 2491 cartulampropria
2148 2462 2244 2483 manu

1271 2511 1392 2548 scripsi.

1233 2669 1309 2706 [11.]
1327 2671 1362 2697 De
1379 2669 1479 2698 eodem
1492 2669 1512 2697 ¹.

1311 2775 1345 2803 In
1374 2775 1496 2803 nomine
1520 2774 1656 2802 Domini.
1682 2773 1768 2801 Anno
1790 2773 1854 2809 ejus
1879 2771 2055 2800 nativitatis
2079 2770 2244 2798 millesimo

1270 2939 1292 2966 1.
1313 2938 1413 2971 Nun-ni,
1433 2938 1462 2964 1ss
1478 2937 1545 2963 aout
1565 2936 1639 2962 1234.
1664 2950 1696 2954 —
1720 2935 1874 2967 Quittance
1895 2933 1929 2959 de
1950 2933 2066 2960 Nicolas
2082 2933 2116 2959 de
2132 2933 2240 2959 Marco.

1230 2987 1368 3019 Creiance,
1386 2986 1435 3012 100
1451 2986 1555 3017 liv1'es;
1573 2992 1683 3011 somme
1700 2983 1832 3014 touchce,
1850 2982 1883 3009 80
1903 2982 1989 3008 livres
2010 2982 2064 3015 ll2.
