2392 3571
652 318 700 347 LE
724 317 868 347 LIBER
891 318 1122 350 CENSUUM
1145 319 1199 350 DE
1222 312 1407 350 L'EGLISE
1430 322 1637 353 ROMAINE.
2123 325 2176 356 591

142 385 208 412 olim
226 385 280 411 sibi
297 385 454 412 commisso
471 385 566 420 possis
577 385 756 419 aliquatenus
773 385 911 415 infestari,
928 390 1026 411 tenore
1041 394 1104 419 pre-

143 434 267 461 sentium
284 433 420 460 duximus
435 433 622 460 asserendum
643 433 717 468 quod
737 433 771 460 de
787 433 921 460 omnibus
936 442 991 468 que
1008 438 1104 461 nostro

143 483 186 509 vel
203 482 324 509 ecclesie
346 482 474 509 Romane
490 491 542 509 seu
563 481 649 509 Terre
672 482 776 509 Sancte
793 482 907 509 nomine
929 483 1061 515 recepisti
1077 487 1104 509 et

142 531 303 565 expendisti
322 532 460 558 hactenus
483 531 509 557 in
527 531 626 558 eodem
643 530 734 558 officio
750 530 936 561 constitatus,
953 531 1104 558 sufficienti

143 583 230 614 perte
243 579 350 606 reddita
366 580 473 606 ratione
491 579 574 606 nobis
586 583 630 606 est
646 579 769 614 plenarie
781 579 971 606 satisfactum.
987 579 1104 614 Propter

141 628 216 662 quod
234 632 381 662 presentes
405 628 511 654 litteras
528 628 577 655 tibi
593 628 794 655 concessimus
815 627 843 654 in
865 628 1059 654 testimonium
1077 632 1105 654 et

141 677 291 703 cautelam.
317 675 420 702 Datum
445 675 591 710 Lugduni,
616 675 682 701 VlIl
705 676 741 702 id.
764 676 897 705 februar..
922 675 1105 710 pontificatus

143 724 230 750 nostri
247 733 320 750 anno
336 728 446 759 quarto.

110 903 279 940 [CCCL1111.
304 920 334 924 —
361 904 547 931 Innocentius
571 906 726 940 episcopus
752 913 855 931 servus
878 914 1026 932 servorum
1054 905 1125 931 Dei⁴

141 953 245 980 dilecto
262 954 317 980 filio
334 953 522 981 Bonnacurso
538 954 667 980 familiari
686 958 782 980 nostro
803 954 924 980 salutem
941 958 968 980 et
988 958 1106 988 aposto—

141 1002 224 1029 licam
240 1002 480 1030 benedictionem.
498 1002 567 1029 Cum
585 1003 619 1028 de
633 1003 766 1029 omnibns
782 1011 837 1037 que
854 1007 954 1030 nostro
969 1007 997 1029 et
1011 1003 1107 1029 eccle-

141 1051 183 1078 sie
209 1051 337 1078 Romane
362 1059 393 1078 ac
419 1051 506 1077 Terre
536 1052 639 1078 Sancte
671 1052 784 1078 nomine
809 1052 947 1078 hactenus
974 1052 1107 1086 recepisti

143 1100 295 1126 sufficienti
314 1100 423 1126 reddita
440 1101 548 1126 ratione
564 1100 601 1126 sit
623 1100 705 1126 nobis
721 1100 844 1135 plenarie
861 1100 1054 1132 satisfactum,
1073 1108 1107 1126 ne

141 1148 176 1174 de
202 1148 258 1174 hiis
284 1149 405 1175 ulterius
433 1149 568 1175 rationem
598 1148 716 1175 reddere
740 1149 865 1175 tenearis
889 1153 916 1175 te
937 1150 1107 1175 auctoritate

143 1198 317 1232 presentium
334 1197 469 1223 duximus
485 1197 701 1224 absolvendum.
719 1197 825 1228 Datum
843 1197 983 1231 Lugduni.
998 1197 1024 1223 ΙΙ
1040 1206 1108 1224 non-

143 1247 321 1281 nisjanuar.‚
339 1246 522 1281 pontificatus
539 1247 627 1273 nostri
645 1255 719 1273 anno
735 1247 844 1281 quinto.

110 1427 261 1462 [CCCLIII]
274 1430 295 1453 ².
320 1442 350 1448 —
375 1427 561 1454 Innocentius
578 1432 632 1454 etc.
656 1427 759 1454 dilecto
784 1428 841 1454 fllio
864 1427 1048 1454 Bonaccurso
1073 1428 1107 1454 de

141 1476 318 1510 Carfagnana
331 1477 461 1502 familiari
478 1480 575 1502 nostro
591 1476 712 1502 salutem
728 1480 756 1502 et
771 1476 955 1511 apostolicam
973 1476 1107 1503 benedie-

142 1527 258 1552 tionem.
277 1524 349 1552 Cum
365 1525 399 1551 de
415 1526 559 1552 universis
576 1529 604 1551 et
620 1526 743 1560 singulis
763 1525 848 1552 bonis
866 1529 894 1552 et
913 1525 1000 1552 rebus
1016 1525 1107 1552 eccle-

142 1575 184 1600 sie
198 1573 328 1601 Romane
344 1583 359 1600 a
375 1575 457 1600 nobis
469 1574 519 1600 tibi
531 1575 696 1601 commissis
712 1575 756 1600 vel
771 1574 840 1601 alias
855 1574 890 1600 de
902 1574 957 1601 illis
973 1574 1106 1601 omnibus

142 1632 197 1657 que
213 1625 396 1658 quocumque
413 1623 495 1649 modo
518 1623 562 1649 vel
576 1631 662 1649 causa
679 1631 728 1657 per
749 1631 946 1658 quascumque
957 1630 1107 1658 'personas

141 1672 175 1698 ad
202 1680 303 1698 manus
330 1676 395 1698 tuas
421 1680 471 1706 pro
496 1672 558 1706 ipsa
581 1672 702 1698 ecclesia
729 1679 820 1706 usque
843 1672 877 1698 ad
900 1673 954 1699 hec
979 1676 1107 1707 tempora

141 1726 335 1756 pervenerunt
356 1722 438 1755 plene
455 1721 632 1747 satisfeceris
653 1721 736 1748 nobis
755 1724 783 1747 et
802 1721 990 1748 sufficientem
1012 1721 1106 1748 reddi-

142 1769 218 1796 deris
236 1770 383 1801 rationem,
402 1770 533 1796 volumus
548 1774 576 1796 et
597 1771 773 1805 presentium
788 1770 839 1797 tibi
855 1771 1023 1797 auctoritate
1037 1779 1107 1797 con-

141 1818 272 1844 cedimus
289 1822 318 1844 ut
332 1827 398 1844 cuni
415 1823 441 1844 te
458 1819 491 1844 ab
510 1819 564 1845 hiis
576 1819 700 1845 totaliter
715 1819 883 1846 duxerimus
899 1819 1105 1846 absolvendum

144 1867 238 1893 nullus
258 1867 377 1893 ulterius
394 1876 482 1902 super
497 1867 604 1894 eisdem
626 1871 652 1894 te
669 1869 827 1902 inquietare
847 1868 936 1894 valeat
951 1872 1000 1894 aut
1020 1868 1106 1894 etiam

141 1915 322 1950 aliquatenus
339 1917 501 1942 convenire.
524 1916 600 1942 Nulli
623 1925 692 1951 ergo
714 1920 769 1943 etc.
793 1916 823 1942 Si
846 1917 911 1950 quis
931 1920 1027 1943 autem
1049 1921 1104 1944 etc.

143 1973 234 1998 usque
248 1965 442 1991 incursurum.
465 1964 569 1991 Datum
589 1965 730 1999 Lugduni,
749 1965 773 1991 11
790 1965 827 1991 id.
841 1965 907 1999 jul,
922 1974 995 1992 anno
1012 1971 1104 1992 sexto.

110 2144 259 2179 {CCCLIVI
277 2146 296 2171 ³.
318 2160 352 2165 —
374 2146 559 2172 Innocentius
580 2146 735 2180 episcopus
755 2155 858 2173 servus
881 2156 1028 2174 servorum
1054 2149 1106 2176 Dei

142 2194 244 2220 dilecto
262 2194 317 2220 filio
334 2195 469 2220 Amatino
491 2195 561 2221 luico
580 2195 730 2221 habitatori
749 2196 876 2222 Anticuli
897 2196 931 2222 de
952 2196 1106 2232 Campania

141 2242 215 2268 fideli
231 2247 327 2268 nostro
344 2244 465 2269 salutem
481 2248 508 2269 et
524 2243 707 2278 apostolicam
726 2244 967 2272 benedictionem.
986 2245 1106 2273 Paterno

142 2295 297 2326 sequentes
314 2292 499 2326 benignitatis
514 2292 647 2318 affectum
664 2301 729 2319 cum
742 2293 837 2319 studio
854 2294 967 2328 pietatis
983 2295 1106 2321 clemen-

142 2343 184 2366 ter
199 2341 354 2366 annuimus
372 2344 534 2367 nostrorum
558 2340 698 2368 desiderio
721 2341 854 2368 filiorum.
877 2341 948 2369 Cum
966 2343 1054 2377 igitur
1077 2348 1107 2370 ut

141 2389 278 2423 proponis
299 2389 387 2415 solam
406 2388 563 2415 Romanam
584 2389 735 2416 ecclesiam
759 2394 876 2417 matrem
899 2394 977 2418 tuam
998 2400 1062 2418 esse
1079 2396 1107 2418 et

142 2437 285 2464 dominam
301 2445 506 2472 recognoscas,
520 2446 552 2464 ac
566 2442 594 2464 tu
607 2446 640 2464 ac
651 2439 849 2473 progenitores
864 2440 905 2466 tui
920 2442 984 2475 ejus
996 2445 1106 2467 tantuin

141 2486 256 2513 vassalli
279 2486 392 2520 sibique
412 2486 536 2521 subjecti
556 2487 668 2514 fueritis
688 2488 721 2514 ab
737 2488 864 2522 antiquo,
888 2497 940 2516 nos
960 2490 1105 2525 supplica-

143 2675 166 2700 1.
182 2673 271 2709 Lyon,
282 2674 296 2700 4
307 2674 420 2709 janvier
434 2673 510 2701 1248.
523 2687 558 2694 —·
569 2673 718 2710 Deeharge
729 2675 840 2702 donnee
852 2685 902 2711 par
913 2676 1051 2703 Innocent
1066 2677 1105 2703 IV

106 2724 121 2748 a
137 2730 189 2748 son
206 2722 325 2748 familier
341 2721 518 2748 Bounacorsi
534 2722 567 2748 de
583 2722 773 2757 Gai-sagnam.

141 2770 168 2798 2.
188 2769 285 2805 Lyon,
309 2771 339 2796 14
357 2770 453 2804 juillet
475 2770 552 2798 1248.
573 2784 609 2790 —
628 2771 718 2798 Anti-e
738 2771 879 2807 decharge
899 2773 936 2799 du
959 2774 1048 2799 meme
1070 2783 1106 2800 au

106 2820 208 2846 meme.

144 2867 169 2894 3.
188 2866 280 2901 Lyon,
297 2866 331 2893 ‘24
350 2866 462 2900 janvier
482 2867 556 2893 1248.
579 2881 614 2888 —
635 2867 773 2894 Innocent
792 2868 832 2894 IV
855 2869 949 2896 adniet
971 2871 1105 2897 Amantio

107 2916 261 2942 d'Anticoli
278 2916 368 2950 parmi
385 2916 425 2941 les
442 2924 565 2942 vassaux
582 2916 688 2943 directs
709 2917 745 2944 du
768 2918 951 2953 Saint-Siege
974 2928 1007 2945 en
1032 2924 1106 2946 cette

106 2965 230 2991 localite.

1222 386 1348 413 tionibus
1364 388 1422 413 tuis
1439 389 1658 416 misericorditer
1679 390 1804 417 inclinati
1827 396 1854 417 et
1874 392 1947 418 inter
1967 392 2086 419 familias
2108 400 2181 427 quas

1221 435 1345 469 predicta
1358 435 1479 462 ecclesia
1496 437 1522 463 in
1536 437 1662 463 Anticnli
1678 443 1771 465 castro
1788 439 1869 466 habet
1881 442 2049 467 auctoritate
2062 449 2179 475 presen-

1221 483 1290 509 tium
1308 483 1512 510 admittendum
1534 491 1561 511 et
1579 487 1604 511 in
1621 495 1718 512 earum
1739 496 1856 514 numero
1874 489 2005 515 volumus
2026 490 2060 516 de
2083 494 2178 517 cetero

1221 533 1388 566 computari.
1406 532 1481 560 Nulli
1498 542 1565 562 ergo
1582 539 1625 561 etc
1656 535 1756 562 Datum
1776 536 1916 569 Lugduni,
1931 537 2013 563 Vllll
2029 538 2080 564 kal.
2096 539 2176 569 febr„

1221 588 1294 606 anno
1310 581 1418 614 quinto.

1187 752 1362 788 [CCCLV11.
1386 769 1417 773 —
1441 754 1626 781 Innocentius
1651 757 1805 792 episcopus
1831 767 1932 785 servus
1955 768 2100 786 servorum
2128 760 2179 787 Dei

1223 801 1326 828 dilecto
1343 802 1398 828 filio
1414 802 1450 829 N.
1467 805 1621 830 camerario
1639 810 1735 831 nostro
1751 807 1869 832 salutem
1886 812 1912 832 et
1928 809 2110 841 apostolicam
2130 809 2180 834 be—

1224 849 1424 877 nedictionem.
1439 850 1537 877 Cuma
1553 853 1693 885 quondam
1708 853 1866 887 Uguicione
1883 856 1958 882 dicto
1972 856 2070 888 I’anlo)
2086 857 2181 891 capel-

1224 898 1287 923 lano
1317 903 1414 925 nostro
1449 900 1491 925 sui
1524 903 1683 927 testamenti
1714 903 1795 928 nobis
1825 904 1993 930 executione
2027 907 2181 931 commissa

1223 946 1318 973 dilecti
1335 948 1383 974 filii
1400 948 1484 974 frater
1500 948 1643 975 Goffridus
1659 950 1691 976 de
1715 950 1925 978 predicatorum
1942 961 1973 979 ac
1995 954 2078 979 frater
2095 954 2182 980 Nico-

1225 995 1286 1021 laus
1300 995 1334 1021 de
1352 996 1493 1022 Minorum
1510 998 1626 1023 fratrum
1645 999 1793 1025 ordinibus
1811 1009 1919 1026 necnon
1935 1000 2081 1028 <Iohannes
2096 1002 2181 1036 Spata

1224 1047 1252 1069 et
1267 1043 1451 1071 Crescentius
1466 1046 1601 1079 capellani
1615 1048 1703 1072 nostri
1717 1048 1821 1081 quibus
1837 1049 2034 1075 executionem
2053 1051 2181 1076 eamdem

1224 1092 1422 1119 commisimus
1443 1102 1456 1119 a
1473 1093 1580 1119 Jacobs,
1604 1094 1637 1120 de
1654 1095 1734 1120 Scala
1750 1100 1777 1121 et
1802 1096 1930 1129 Fulgerio
1951 1097 2051 1124 Jacobi
2071 1099 2182 1125 civibus

1225 1145 1252 1167 et
1268 1143 1476 1168 mercatoribus
1493 1142 1664 1169 Florentinis
1681 1143 1714 1169 de
1732 1145 1813 1171 honis
1829 1145 1919 1179 ipsius
1932 1146 2056 1172 defuncti
2074 1148 2183 1181 septin-

1225 1192 1320 1224 gentis
1343 1199 1443 1217 novem
1465 1191 1550 1218 libras
1573 1192 1743 1218 viennenses
1764 1198 1791 1219 et
1813 1199 1926 1220 centum
1947 1195 2045 1221 decem
2073 1204 2182 1222 marcas

1225 1239 1428 1274 sterlingorum
1459 1248 1596 1266 novorum
1628 1249 1692 1267 cum
1721 1241 1880 1275 integritate
1906 1243 2027 1277 receptis
2056 1252 2104 1269 eas
2135 1252 2183 1278 pro

1224 1288 1354 1322 ejusdem
1385 1289 1478 1315 anime
1508 1289 1633 1315 defuncti
1662 1290 1753 1316 salute
1782 1290 1915 1317 duxerint
1944 1293 1998 1326 piis
2026 1293 2184 1319 rationibus

1224 1337 1424 1371 applicandas,
1449 1337 1476 1363 in
1497 1338 1602 1371 quibus
1628 1342 1800 1365 mercatores
1823 1339 1940 1373 predicti
1964 1344 1992 1366 et
2015 1349 2113 1367 eorum
2137 1350 2185 1367 so-

1225 1386 1314 1412 cietas
1338 1389 1417 1412 erant
1445 1386 1535 1412 eidem
1563 1387 1708 1420 capellano
1733 1387 1800 1413 dum
1822 1389 1928 1414 viveret
1943 1389 2104 1416 debitores:
2133 1397 2184 1416 nos

1226 1434 1354 1461 volentes
1365 1439 1420 1461 tam
1434 1439 1607 1461 mercatores
1620 1436 1700 1470 ipsos
1711 1444 1794 1470 quam
1807 1436 1891 1462 etiam
1907 1445 1976 1463 suos
1986 1439 2081 1464 socios
2094 1439 2120 1464 in
2133 1439 2185 1464 hac

1226 1487 1304 1517 parte
1321 1487 1471 1510 consortes
1492 1491 1579 1518 super
1599 1483 1654 1510 hiis
1674 1484 1843 1519 indempnes
1857 1485 1892 1511 ab
1914 1486 2118 1519 inquietatione
2134 1495 2185 1513 seu

1226 1533 1424 1559 molestatione
1435 1533 1626 1567 quorumlibet
1639 1541 1819 1565 conservare,
1836 1535 2010 1568 presentium
2025 1535 2074 1561 tibi
2087 1539 2187 1562 aucto-

1225 1581 1307 1607 ritate
1329 1581 1537 1608 committimus
1556 1586 1584 1608 et
1606 1582 1773 1608 mandamus
1795 1584 1931 1617 quatinus
1955 1588 2050 1610 nostro
2072 1584 2185 1611 nomine

1225 1630 1259 1655 de
1273 1630 1378 1664 prefata
1394 1630 1514 1664 pecunia
1530 1631 1736 1657 mercatoribus
1752 1635 1780 1657 et
1799 1639 1896 1657 eorum
1914 1632 2001 1658 sociis
2021 1634 2184 1660 memoratis

1226 1672 1424 1705 refutationem
1448 1679 1535 1705 facias
1560 1680 1731 1713 generalem,
1755 1684 1783 1705 et
1809 1689 1842 1706 ne
1867 1680 1989 1706 debeant
2012 1689 2099 1715 super
2128 1682 2184 1708 hiis

1226 1728 1344 1753 ulterius
1368 1728 1511 1754 molestari
1537 1728 1724 1754 sufficientem
1750 1728 1857 1754 eisdem
1880 1737 1973 1755 coram
1997 1730 2134 1756 exhibeas
2156 1734 2184 1756 et

1225 1777 1374 1803 cautelam.
1406 1777 1466 1803 Nos
1491 1778 1566 1803 enim
1592 1777 1715 1803 habituri
1742 1782 1831 1803 ratum
1857 1782 1885 1803 et
1910 1778 2022 1804 firmum
2047 1779 2182 1813 quicquid

1225 1825 1300 1851 circa
1326 1826 1464 1860 premissa
1488 1825 1605 1851 duxeris
1627 1826 1805 1857 faciendum,
1832 1826 1898 1852 illud
1921 1832 2037 1853 auctore
2061 1827 2183 1854 Domino

1224 1874 1361 1900 faciemus
1382 1874 1580 1900 inviolabiliter
1600 1874 1755 1900 observari.
1782 1874 1885 1900 Datum
1909 1874 2057 1909 Lugduni,
2081 1875 2107 1901 II
2129 1876 2182 1902 kal.

1220 1923 1286 1956 jul„
1305 1922 1488 1956 pontificatus
1506 1922 1594 1948 nostri
1610 1931 1683 1948 anno
1700 1928 1791 1949 sexto.

1193 2095 1375 2129 [CCCLVll‘l.
1398 2112 1427 2115 —
1455 2096 1639 2122 Innocentius
1660 2097 1813 2131 episcopus
1838 2105 1940 2122 servus
1960 2106 2106 2124 servorum
2131 2098 2181 2124 Dei

1224 2146 1325 2172 dilecto
1343 2146 1397 2172 filio
1415 2146 1550 2179 magistro
1568 2145 1733 2172 Placentino
1753 2146 1904 2172 Turritano
1921 2148 2021 2174 electo,
2040 2147 2181 2181 quondam

1224 2195 1463 2230 archipresbitero
1481 2194 1612 2227 Lamnie,
1630 2195 1775 2229 capellano
1794 2199 1900 2226 nostro,
1919 2196 2038 2221 sulutem
2056 2201 2083 2222 et
2098 2205 2184 2230 apos-

1225 2243 1334 2270 tolicam
1353 2242 1588 2269 benedictionem.
1606 2242 1676 2269 Cum
1693 2243 1726 2268 de
1742 2243 1876 2269 omuibus
1889 2252 1944 2278 que
1957 2245 2069 2270 nomine
2087 2250 2183 2271 nostro

1223 2296 1251 2318 et
1267 2292 1387 2318 ecclesie
1411 2291 1538 2317 Romane
1560 2299 1591 2317 ac
1607 2291 1693 2317 Terre
1715 2291 1818 2317 Sancto.
1843 2293 1973 2326 recepisti
1997 2293 2135 2319 hactenus
2157 2298 2184 2320 et

1224 2341 1307 2367 etiam
1324 2340 1485 2374 expendisti
1500 2348 1611 2366 camere
1634 2343 1729 2366 nostre
1750 2340 1936 2366 sufficientem
1961 2341 2117 2367 reddideris
2139 2352 2182 2368 ra-

1224 2391 1328 2416 tionem
1345 2393 1373 2415 et
1388 2389 1421 2415 de
1438 2388 1492 2414 hiis
1508 2389 1545 2414 sit
1562 2388 1643 2414 nobis
1659 2389 1784 2423 plenarie
1800 2389 1993 2423 satisfactum,
2013 2399 2046 2416 ne
2064 2391 2184 2418 ulterius

1223 2438 1288 2464 inde
1314 2438 1449 2464 rationem
1475 2437 1592 2463 reddere
1617 2437 1741 2463 tenearis
1767 2442 1792 2463 te
1815 2439 1982 2464 auctoritate
2008 2440 2183 2473 presentium

1222 2487 1357 2513 duximus
1369 2485 1584 2512 absolvendum.
1600 2485 1703 2512 Datum
1718 2485 1861 2520 Lugduni,
1873 2485 1957 2512 VIIII
1973 2487 2099 2522 ka1.jul.‚
2113 2497 2184 2523 pon-

1223 2536 1346 2562 tificatus
1363 2535 1452 2560 nostri
1468 2542 1540 2560 anno
1557 2538 1648 2560 sexto.

1226 2726 1248 2752 t,
1266 2725 1352 2759 Lyon.
1372 2724 1481 2758 30juin
1500 2724 1576 2751 1248.
1593 2740 1625 2743 —
1641 2724 1781 2752 lnuocent
1796 2726 1836 2752 IV
1854 2727 1980 2754 ordonne
1996 2738 2030 2755 au
2047 2731 2184 2757 eamerier

1187 2773 1221 2800 N.
1240 2773 1273 2800 de
1294 2773 1403 2799 donner
1423 2773 1563 2808 decharge
1586 2776 1601 2800 a
1621 2774 1672 2800 des
1693 2775 1863 2802 marchands
1884 2776 2032 2804 florentius
2047 2780 2062 2804 a
2079 2787 2183 2814 propos

1187 2823 1270 2849 d'une
1286 2822 1361 2848 dette
1376 2821 1460 2856 qu’ils
1477 2826 1526 2848 ont
1541 2823 1682 2856 acquittee
1699 2831 1801 2850 envers
1817 2825 1841 2850 la
1853 2826 2021 2852 succession
2034 2826 2098 2853 d'un
2114 2828 2182 2854 cba-

1188 2871 1278 2905 pelain
1296 2870 1448 2904 pontifical.

1223 2919 1248 2945 2.
1271 2918 1364 2953 Lyon,
1385 2918 1495 2953 ‘23juin
1517 2919 1591 2946 1249.
1614 2934 1646 2939 -
1669 2919 1807 2947 Innocent
1831 2921 1871 2946 IV
1892 2922 1986 2948 donne
2007 2924 2147 2959 decharge
2169 2927 2183 2951 a

1188 2967 1363 2998 Piacentino‚
1381 2976 1432 2994 son
1450 2968 1606 3002 chapelain¹
1625 2969 1670 2995 elu
1686 2969 1863 3004 archeveque
1878 2970 1912 2996 de
1927 2970 2042 2998 Torres.
