2392 3571
153 332 210 361 580
692 330 741 359 LE
764 329 905 358 LIBER
929 326 1160 358 CENSUUM
1184 325 1237 355 DE
1261 315 1446 354 L'EGLISE
1469 324 1677 354 ROMAINFL

225 397 284 431 Ego
303 397 460 431 Gregorius
477 400 658 422 sacrosancte
683 395 811 421 Romane
835 394 955 421 ecclesie
978 392 1146 419 scriniarius

191 447 246 472 hiis
260 446 392 472 omnibus
403 445 516 471 interfui
533 449 560 471 et
572 445 605 470 de
618 444 748 470 mandato
764 444 832 470 dicti
848 443 976 477 magistri
990 441 1144 469 Alexandri

192 495 294 529 scripsi
310 499 336 520 et
352 494 490 528 complevi
507 501 626 527 meoque
654 493 752 527 [signo]
776 492 886 526 signavi
903 495 930 517 et
953 492 979 517 in
1004 491 1143 525 publicam

190 544 308 569 formam
326 542 431 576 redegi.

224 592 259 619 Et
275 601 339 618 cum
357 600 410 625 ego
422 591 512 625 judex
535 590 636 617 Petrus
655 590 704 616 Dei
720 593 748 616 et
767 594 866 616 sancte
882 589 1010 616 Romane
1025 588 1146 614 ecclesie

191 642 281 677 gratia
297 640 385 675 judex
406 640 534 666 Arboree
555 648 604 674 per
627 647 728 665 manus
748 638 816 664 dicti
838 639 967 669 magistri
992 636 1146 663 Alexandri

190 690 327 725 capellani
343 693 369 715 et
391 689 474 722 legati
490 688 567 714 sedis
582 687 736 721 apostolice
752 687 855 713 dictam
876 690 978 712 terram
995 685 1142 718 Arbore[e]

191 739 224 765 ab
240 738 361 764 ecclesia
377 737 504 763 Romana
521 736 688 770 receperim,
706 744 739 761 ne
755 735 877 761 dubitari
896 735 987 769 possit
1002 734 1028 759 in
1051 737 1147 768 poste·-

192 795 266 819 rum,
287 793 407 821 presens
429 785 649 811 instrumentum
671 783 724 810 feci
748 783 802 809 mei
825 783 911 817 sigilli
928 782 1082 809 munimine
1099 789 1147 807 ro—

192 835 294 861 borari.

225 883 261 910 Et
273 891 326 916 ego
340 882 476 908 Nicolaus
493 881 662 908 Ferentinus
679 885 776 907 sancte
793 880 921 906 Romane
937 879 1057 906 ecclesie
1073 879 1147 905 scri-

193 932 310 963 niarius,
327 932 402 957 sicut
418 931 512 957 inveni
527 931 553 956 in
568 929 695 965 predicto
711 929 824 964 publico
840 932 868 954 et
883 929 1026 954 autentico
1040 929 1148 954 instru-

192 983 285 1006 mento
313 979 445 1014 pendenti
470 979 602 1013 plumbeo
628 978 720 1012 sigillo
744 977 872 1011 signato,
899 977 1046 1003 actoritate
1069 976 1147 1002 sedis

192 1028 345 1063 apostolice
360 1028 398 1054 ita
411 1028 445 1054 de
460 1027 545 1053 verbo
557 1026 591 1053 ad
606 1027 722 1052 verbum
739 1026 896 1060 exemplavi
912 1029 940 1051 et
953 1026 1068 1059 signum
1082 1025 1146 1051 feci.

159 1182 365 1218 IGCCXXIXJ.
381 1196 416 1202 —
428 1181 611 1209 JURAMENTUM
625 1190 725 1208 JUnlCts
741 1180 873 1207 Ausones
885 1187 903 1206 ¹.

226 1285 245 1317 †
267 1283 299 1310 In
320 1283 432 1310 nomine
457 1283 564 1309 domini
582 1282 670 1308 nostri
685 1281 755 1308 Jesu
771 1281 887 1308 Christi.
909 1280 971 1307 Hoc
990 1284 1034 1307 est
1052 1289 1151 1306 exem-

193 1333 270 1368 plum
285 1332 434 1367 cujusdam
451 1331 557 1366 publici
580 1331 775 1362 instrumenti,
800 1329 931 1364 pendenti
947 1330 1040 1363 sigillo
1056 1329 1150 1363 plum-

193 1383 245 1408 beo
261 1382 376 1415 signati,
394 1381 481 1414 hujus
496 1381 604 1406 tenoris
620 1389 626 1405 z

227 1430 258 1456 In
270 1430 384 1456 nomine
397 1429 520 1459 Domini,
533 1436 624 1454 amen.
638 1428 721 1453 Anno
734 1426 847 1453 Domini
860 1425 1094 1458 mccxxxvu,
1107 1426 1151 1451 in-

193 1479 318 1505 dictione
336 1477 388 1507 XI,
405 1481 531 1511 tempore
547 1476 651 1502 domini
668 1475 800 1509 Gregorii
816 1474 897 1500 Vlffl
915 1483 984 1509 pape
1005 1483 1078 1500 anno
1095 1473 1148 1504 XI,

195 1535 268 1553 nono
281 1526 325 1552 die
341 1529 463 1551 exeunte
479 1532 577 1550 mense
593 1524 706 1558 aprelis,
723 1523 856 1549 dominus
875 1523 975 1549 Petrus
988 1523 1078 1557 judex
1094 1522 1149 1548 Ar-

195 1576 279 1601 boree
312 1575 395 1600 tactis
424 1573 600 1600 sacrosantis
632 1572 788 1606 evangeliis
815 1572 926 1606 publice
951 1571 1059 1606 juravit
1087 1571 1151 1598 sine

193 1623 306 1654 fraude,
326 1623 403 1653 dolo,
426 1630 458 1648 ac
479 1622 550 1647 malo
568 1621 684 1655 ingenio
700 1624 792 1652 stare,
814 1629 912 1655 parere
927 1624 955 1646 et
972 1621 999 1646 in
1017 1620 1150 1646 omnibus

193 1672 308 1698 obedIre
325 1671 503 1705 generaliter,
520 1670 632 1705 precise
647 1673 675 1695 et
691 1669 753 1695 sine
771 1669 939 1695 condicione
960 1669 1053 1703 aliqua
1071 1677 1151 1695 man-

195 1721 269 1748 datis
285 1720 390 1747 domini
406 1728 477 1754 pape
491 1727 547 1753 que
562 1723 590 1745 et
605 1721 673 1752 quot
689 1717 823 1744 dominus
840 1726 910 1752 papa
929 1726 978 1752 per
994 1726 1024 1744 se
1041 1718 1085 1744 vel
1102 1726 1151 1752 per

193 1771 309 1797 nuntios
329 1770 390 1795 sive
407 1777 456 1803 per
475 1768 585 1794 litteras
607 1775 675 1794 suas
695 1767 738 1793 vel
760 1775 815 1801 que
833 1767 970 1801 magister
989 1767 1151 1793 Alexander

192 1819 356 1854 capellanus
377 1822 405 1844 et
428 1817 539 1851 legatus
560 1816 716 1851 apostolice
737 1815 814 1842 sedis
835 1824 884 1850 per
904 1824 936 1842 se
952 1815 994 1841 vel
1012 1824 1061 1850 per
1077 1823 1150 1841 nun-

194 1869 250 1894 tios
267 1867 327 1893 sive
344 1875 393 1901 per
407 1866 515 1892 litteras
531 1873 598 1891 suas
616 1867 640 1890 ei
664 1864 762 1891 fecerit
778 1872 828 1899 pro
844 1864 958 1890 domino
974 1873 1045 1899 papa
1060 1868 1088 1891 et
1103 1872 1151 1890 ec-

193 1916 283 1943 clesia
304 1915 445 1945 Romana,
465 1918 494 1939 et
513 1922 545 1939 ea
563 1914 590 1939 in
608 1913 742 1939 omnibus
757 1917 784 1939 et
800 1921 850 1946 per
865 1913 960 1939 omnia
975 1913 1049 1939 idem
1062 1912 1152 1947 judex

195 1964 326 2000 promisit
342 1964 493 1989 observare
509 1966 536 1988 et
552 1962 644 1988 facere
659 1970 674 1987 a
691 1962 752 1987 suis
768 1961 892 1988 subditis
907 1962 1063 1988 observari.

230 2012 336 2039 Eodem
353 2012 397 2038 die
413 2015 441 2037 et
463 2009 561 2036 eodem
586 2010 647 2036 loco
668 2010 801 2036 dominus
820 2009 990 2036 Laurentius
1009 2009 1044 2035 de
1059 2009 1152 2043 Zurri,

197 2062 331 2088 dominus
348 2061 526 2091 Guantinus,
543 2059 675 2085 dominus
696 2058 798 2085 Petrus
814 2058 848 2084 de
864 2058 1003 2092 Murtino⁷
1021 2059 1154 2086 dominus

196 2111 345 2137 Arzoccus
358 2109 391 2135 de
402 2109 510 2141 Martis,
522 2108 640 2139 nobiles,
653 2109 824 2142 juraverunt
835 2111 862 2134 et
874 2107 1066 2142 promiserunt
1078 2108 1153 2142 quod

196 2159 304 2186 dabunt
323 2158 413 2193 judici
429 2157 512 2183 Petro
528 2157 691 2188 consilium,
714 2156 852 2182 auxilium
871 2160 899 2182 et
918 2156 1042 2182 savorem
1059 2156 1093 2182 ad
1113 2156 1155 2182 sa-

196 2208 297 2235 cienda
313 2211 340 2233 et
356 2206 494 2233 servanda
508 2206 602 2232 omnia
618 2205 748 2231 mandata
765 2209 793 2231 et
809 2208 941 2239 precepta
957 2204 1063 2231 domini
1083 2213 1154 2239 pape

198 2260 226 2284 et
240 2257 333 2291 ipsius
348 2255 431 2290 legati
448 2262 502 2289 que
517 2255 543 2280 ei
563 2254 681 2280 fecerint
704 2262 753 2288 per
776 2262 807 2279 se
827 2254 871 2279 vel
893 2262 943 2288 per
958 2253 1074 2280 nuntios
1094 2254 1155 2279 sive

198 2314 249 2341 per
264 2305 373 2331 litteras
390 2311 469 2330 suae.
494 2302 530 2329 Et
554 2303 578 2329 si
602 2302 696 2329 dictus
717 2302 806 2336 judex
831 2310 863 2328 ea
885 2310 940 2328 non
960 2302 1075 2334 fecerit,
1100 2302 1155 2337 ipsi

200 2353 294 2380 omnia
309 2354 400 2379 facere
417 2353 609 2387 promiserunt
624 2359 804 2385 quecumque
820 2351 862 2377 eis
876 2351 1009 2377 dominus
1025 2359 1096 2385 papa
1111 2350 1156 2376 in-

193 2403 341 2437 juncxerit
356 2401 493 2428 facienda.

233 2451 338 2477 Actum
355 2451 382 2476 in
396 2457 508 2476 camera
521 2449 624 2475 domus
641 2449 761 2475 ecclesie
777 2451 876 2475 sancte
894 2448 981 2474 Marie
997 2448 1031 2474 de
1049 2447 1157 2474 Bonar-

200 2504 294 2531 canto,
309 2507 403 2526 coram
419 2498 543 2525 dominis
559 2497 734 2532 Trogodorio
751 2497 968 2532 archiepiscopo
986 2496 1154 2527 Arborensi,

198 2548 283 2574 Petro
299 2547 434 2582 episcopo
450 2546 554 2572 Sancte
569 2545 665 2574 Juste.
676 2546 794 2572 Nicolao
808 2545 898 2580 priore
909 2549 1007 2572 sancte
1023 2545 1111 2571 Marie
1122 2544 1157 2571 de

200 2596 394 2626 Bonarcanto,
414 2594 564 2621 Lamberto
578 2595 679 2621 abbate
695 2594 729 2620 de
750 2594 878 2624 Falesia.
901 2593 1049 2621 Gunnario
1064 2594 1158 2620 archi-

201 2645 367 2680 presbytero
391 2643 534 2675 Aristani,
559 2643 696 2677 magistro
712 2642 878 2669 Benencasa
900 2643 1037 2669 canonico
1060 2641 1157 2669 Sancti

200 2693 348 2720 Michaelis
372 2691 521 2723 Lucensis,
549 2691 704 2718 Benedicto
729 2691 832 2718 clerico
853 2691 1002 2722 Alatrino,
1027 2690 1158 2717 Johaune

204 2873 229 2899 1.
247 2871 422 2904 Bonarcado,
439 2872 472 2898 ‘22
489 2875 517 2898 et
531 2871 564 2899 23
580 2872 649 2898 avril
666 2871 743 2899 1237.
759 2885 794 2892 —
808 2871 959 2905 Muratori,
976 2872 1051 2903 Ant„
1069 2875 1089 2899 t.
1105 2870 1156 2903 VI,

168 2929 196 2956 p.
214 2920 256 2948 19.
275 2935 308 2941 —
329 2920 439 2954 Pierre,
459 2921 529 2954 juge
546 2920 717 2952 d’Arborea,
739 2924 767 2946 et
782 2920 824 2946 les
840 2920 939 2946 nobles
955 2920 989 2946 de
1005 2928 1037 2946 sa
1052 2919 1159 2955 princi-

169 2970 268 3003 pante,
281 2969 380 3002 jurent
394 2968 558 2995 obeissance
574 2977 610 2995 au
625 2968 808 3003 saint-siege
823 2972 850 2996 et
865 2977 899 2995 au
915 2969 1000 3004 legat.

1264 391 1439 422 Lombavd0,
1464 390 1646 425 presentibus
1666 391 1796 423 clericis,
1820 391 1962 417 nobilibus
1982 395 2009 416 et
2030 391 2128 417 multis
2147 390 2223 418 aliis.

1299 440 1436 474 Sequenti
1453 448 1520 466 vero
1541 439 1585 465 die
1604 439 1692 466 simili
1709 440 1791 465 modo
1805 441 1974 473 juraverunt
1987 439 2106 472 nobiles,
2123 439 2225 466 videli-

1262 492 1307 514 cet
1325 488 1426 514 Petrus
1449 488 1482 513 de
1504 487 1572 514 Ficu
1585 509 1591 520 ,
1617 488 1835 516 Armentarius,
1857 487 1962 514 comita
1976 487 2010 513 de
2026 487 2119 518 Zurri,
2137 487 2226 514 Para-

1261 545 1331 562 sone
1357 536 1454 568 Pinna,
1477 536 1640 563 Guantinus
1666 536 1701 562 de
1722 536 1841 569 Martis,
1863 535 2082 570 Comicaspanu,
2100 535 2225 563 Furatus

1262 585 1434 619 Zurrumpa,
1462 585 1605 611 Bau-asone
1629 584 1766 617 Pistoris,
1789 584 1864 620 quod
1887 584 1996 611 dabunt
2019 584 2111 610 eidem
2130 584 2224 619 judici

1262 635 1345 660 Petro
1361 634 1517 660 Arborensi
1534 633 1698 664 consilium,
1715 633 1853 660 auxilium
1866 637 1893 659 et
1905 633 2030 659 savorem
2045 633 2079 658 ad
2095 632 2225 659 facienda

1261 686 1290 709 et
1312 683 1451 708 servanda
1470 683 1565 708 omnia
1586 682 1718 708 mandata
1739 681 1846 708 domini
1867 689 1938 716 pape
1958 685 1986 707 et
2006 681 2162 716 supradicti
2182 681 2224 707 le-

1262 732 1320 765 gati
1336 739 1390 765 que
1405 731 1431 757 ei
1447 731 1565 757 fecerint
1581 739 1630 765 per
1645 739 1676 756 se
1700 730 1744 757 vel
1765 738 1815 765 per
1838 731 1954 756 nuntios
1969 730 2031 756 sive
2047 738 2097 764 per
2112 730 2224 756 litteras

1263 787 1341 806 suas.

1298 828 1403 854 Actum
1428 829 1455 854 in
1481 827 1580 854 eodem
1606 828 1667 854 loco
1696 835 1792 854 coram
1820 827 2025 862 suprascriptis
2049 827 2172 853 testibus
2196 829 2228 854 et

1264 877 1362 903 multis
1377 877 1440 902 aliis
1453 877 1564 902 clericis
1580 880 1609 902 et
1623 876 1723 911 laycis.

1299 925 1359 959 Ego
1376 925 1533 959 Gregorius
1549 928 1733 951 sacrosancte
1753 924 1883 951 Romane
1907 924 2028 951 ecclesie
2055 924 2224 951 scriniarius

1264 973 1321 999 hiis
1336 974 1469 1000 omnibus
1485 974 1600 1000 interfui
1612 977 1641 1000 et
1655 973 1690 999 de
1707 973 1837 999 mandato
1850 972 1918 999 dicti
1930 973 2060 1007 magistri
2071 972 2228 999 Alexandri

1264 1022 1402 1056 capellani
1418 1026 1445 1048 et
1460 1022 1544 1056 legati
1560 1022 1717 1055 apostolice
1733 1021 1811 1047 sedis
1826 1022 1931 1056 scripsi
1945 1025 1973 1047 et
1992 1021 2132 1056 complevi
2147 1029 2227 1047 meo-

1265 1079 1320 1105 que
1340 1071 1422 1105 signo
1443 1071 1554 1104 signavi
1569 1074 1597 1096 et
1617 1071 1643 1096 in
1667 1070 1810 1103 publicam
1828 1069 1948 1096 formam
1963 1069 2071 1104 redegi.

1301 1118 1336 1145 Et
1355 1127 1408 1153 ego
1431 1118 1533 1144 Petrus
1546 1118 1637 1153 judex
1653 1118 1801 1152 Arbor-ele]
1825 1118 1859 1144 ad
1876 1122 2041 1152 perpetuam
2061 1118 2228 1145 memoriam

1267 1175 1387 1202 presens
1403 1167 1626 1193 instrumentum
1644 1167 1698 1192 mei
1714 1166 1769 1192 feci
1782 1166 1867 1200 sigilli
1879 1166 2036 1192 munimine
2054 1166 2191 1193 roborari.

1301 1215 1336 1241 Et
1351 1223 1405 1249 ego
1421 1215 1558 1241 Nicolaus
1572 1214 1744 1241 Ferentinus
1760 1219 1858 1240 sancte
1875 1214 2003 1240 Romane
2018 1215 2139 1241 ecclesie
2154 1214 2231 1241 scri-

1268 1264 1389 1293 niarius,
1414 1264 1491 1289 sicut
1512 1263 1608 1290 inveni
1631 1263 1659 1289 in
1683 1263 1796 1298 publico
1819 1267 1848 1290 et
1871 1264 2015 1290 autentico
2037 1264 2229 1291 instrumento

1267 1311 1400 1345 pendenti
1420 1311 1552 1345 plumbeo
1573 1311 1667 1345 sigillo
1690 1312 1818 1346 signato,
1843 1313 1991 1338 actoritate
2010 1312 2088 1339 sedis
2110 1315 2229 1347 aposto-

1266 1361 1319 1386 lice
1334 1361 1372 1386 ita
1387 1360 1421 1386 de
1433 1360 1519 1386 verbo
1530 1359 1564 1386 ad
1581 1360 1698 1387 verbum
1714 1361 1874 1395 exemplavi
1892 1360 1979 1387 nichil
1995 1360 2182 1394 immutando,
2199 1363 2230 1387 et

1267 1410 1383 1443 signum
1399 1409 1462 1435 feci.

1235 1561 1425 1596 [CCCXXXJ.
1442 1576 1477 1583 —
1492 1562 1534 1589 Da
1549 1570 1648 1589 cast-ao
1664 1562 1820 1594 Ginaram,
1839 1570 1953 1589 ‘raamro
1969 1571 2098 1590 cusa-onia
2114 1570 2231 1589 Attenia-

1265 1619 1366 1638 mscori
1383 1611 1556 1638 Annonausis
1572 1619 1623 1638 rao
1639 1619 1765 1638 accessu
1781 1611 1901 1638 Romam
1914 1619 1932 1638 ι.

1300 1713 1320 1746 †
1330 1712 1362 1739 In
1375 1714 1489 1740 nomine
1502 1713 1610 1740 domini
1622 1714 1711 1740 nostri
1724 1713 1795 1740 Jesu
1807 1712 1923 1740 Christi.
1940 1712 2002 1740 Hoc
2013 1716 2057 1739 est
2067 1712 2231 1747 exemplum

1267 1761 1417 1788 cuiusdam
1434 1762 1539 1796 publici
1556 1762 1740 1788 instrumenti
1758 1762 1845 1796 hujus
1862 1762 1970 1788 tenoris
1989 1772 1994 1788 :

1302 1809 1335 1836 In
1352 1810 1464 1836 nomine
1488 1810 1616 1843 Domini,
1639 1819 1733 1837 amen.
1754 1811 1839 1837 Anno
1862 1810 1969 1837 domini
1990 1809 2229 1841 MCCXXXVH,

1267 1858 1423 1884 indictione
1444 1858 1504 1891 XI,
1528 1863 1657 1894 tempore
1677 1860 1784 1886 domini
1805 1859 1936 1893 Gregorii
1961 1858 2045 1885 VIIII
2065 1867 2136 1893 pape
2156 1865 2232 1884 anno

1268 1906 1322 1938 XI,
1339 1908 1462 1941 septimo
1477 1908 1521 1934 die
1536 1912 1660 1934 exeunte
1676 1916 1774 1934 mense
1790 1908 1888 1942 apreli.
1912 1907 2007 1934 Pateat
2023 1908 2156 1934 omnibus
2171 1915 2232 1933 ma·

1268 1955 1373 1981 nifeste
1388 1956 1463 1990 quod
1480 1957 1508 1982 in
1525 1958 1668 1991 presentia
1684 1958 1738 1983 mei
1754 1956 1887 1991 Gregorii
1903 1961 2085 1983 sacrosancte
2102 1956 2232 1982 Romane

1269 2005 1390 2031 ecclesie
1408 2006 1550 2032 scriniarii
1566 2007 1702 2041 magister
1719 2006 1882 2032 Alexander
1897 2006 2059 2040 capellanus
2074 2009 2101 2031 et
2118 2005 2233 2039 legatus

1268 2054 1424 2087 apostolice
1443 2054 1521 2081 sedis
1536 2055 1692 2088 assignavit
1712 2059 1740 2081 et
1755 2054 1840 2085 dedit,
1860 2062 1909 2089 per
1924 2054 2070 2080 dominum
2090 2053 2231 2080 Benedic-

1269 2105 1330 2128 tum
1342 2103 1477 2129 clericum
1494 2104 1586 2130 sancti
1602 2103 1741 2138 Stephani
1757 2103 1791 2129 de
1803 2103 1902 2129 Alatro
1920 2106 2131 2137 procuratorem
2145 2109 2232 2128 suum

1269 2150 1304 2176 ad
1318 2151 1372 2177 hoc
1387 2152 1584 2183 constitutum,
1600 2153 1676 2178 sicut
1691 2153 1854 2178 continetur
1867 2153 1894 2178 in
1912 2151 2025 2186 publico
2039 2151 2233 2177 instrumento

1270 2208 1286 2226 a
1301 2208 1346 2226 me
1365 2201 1427 2236 ipso
1449 2202 1593 2236 confecto,
1614 2205 1740 2228 castrum
1761 2201 1837 2236 quod
1854 2202 1958 2228 dicitur
1974 2200 2106 2235 Girapala
2120 2199 2233 2226 archie-

1271 2249 1390 2284 piscopo
1412 2250 1571 2277 Arborensi
1593 2250 1626 2276 ad
1649 2250 1805 2277 tenendum
1821 2254 1848 2276 et
1864 2248 2083 2277 custodiendum
2100 2256 2149 2283 pro
2170 2248 2233 2283 ipsa

1272 2298 1394 2324 ecclesia
1410 2298 1539 2325 Romana
1553 2303 1581 2326 et
1600 2299 1715 2326 domino
1736 2298 1875 2333 Gregorio
1891 2307 1961 2333 papa
1976 2298 2098 2331 ejusque
2114 2304 2234 2323 succes-

1272 2347 1388 2373 soribus
1404 2347 1540 2374 canonice
1556 2348 1744 2381 intrantibus,
1766 2352 1793 2373 et
1811 2347 1876 2373 nulli
1897 2347 1941 2373 alii
1960 2345 2161 2380 resignandum
2177 2344 2233 2372 nisi

1272 2394 1320 2421 cui
1342 2403 1475 2422 summus
1495 2396 1620 2431 pontifex
1643 2396 1819 2423 mandaverit
1834 2395 1983 2429 resignari.
2002 2393 2037 2420 Et
2053 2395 2147 2428 ipsum
2164 2393 2235 2420 fecit

1273 2443 1347 2470 mitti
1363 2446 1392 2470 in
1407 2445 1582 2479 corporalem
1599 2445 1813 2480 possessionem
1831 2444 1898 2470 dicti
1914 2443 1999 2470 castri
2016 2451 2065 2478 per
2080 2442 2234 2477 supradic-

1277 2498 1338 2522 tum
1347 2495 1493 2521 dominum
1504 2493 1700 2524 Benedictum,
1714 2493 1809 2519 claves
1819 2492 1911 2528 ipsius
1924 2492 2010 2518 castri
2022 2490 2113 2517 eidem
2124 2490 2234 2517 archie-

1273 2545 1393 2580 piscopo
1407 2543 1601 2569 concedendo.

1308 2593 1415 2619 Actum
1430 2593 1458 2618 in
1474 2595 1568 2618 castro
1584 2590 1725 2625 Girapale,
1743 2598 1838 2616 coram
1855 2589 2028 2616 subscribtis
2044 2588 2177 2618 testibus,
2189 2586 2234 2613 vi-

1273 2642 1377 2668 delicet
1440 2641 1540 2667 abbate
1556 2639 1590 2666 de
1605 2638 1725 2671 Falesia,
1739 2638 1875 2673 magistro
1893 2637 2068 2668 Benencasa,
2083 2635 2236 2663 Offredone
2267 2650 2270 2652 >

1275 2822 1301 2850 1.
1321 2820 1469 2856 Girapala,
1485 2820 1519 2846 24
1535 2820 1604 2847 avril
1621 2819 1700 2847 1237.
1716 2833 1749 2838 —-
1770 2817 1907 2845 Muratori
1918 2839 1924 2850 ,
1941 2819 2018 2852 Ant„
2035 2820 2055 2844 t.
2074 2815 2128 2848 VI,
2144 2824 2173 2850 p.
2187 2815 2235 2842 21.

1239 2885 1272 2891 —
1289 2870 1326 2896 Le
1342 2870 1416 2904 legat
1430 2868 1613 2903 Alexandra,
1629 2869 1796 2903 represents
1811 2875 1860 2902 par
1875 2867 1900 2892 le
1916 2866 1992 2892 clerc
2006 2864 2110 2892 Benoit
2121 2885 2127 2896 ,
2143 2863 2236 2890 confie

1239 2919 1265 2946 le
1282 2919 1402 2946 chAteau
1417 2918 1452 2944 de
1468 2917 1600 2952 Girapala
1613 2918 1630 2943 a
1644 2916 1670 2943 la
1685 2915 1772 2951 garde
1789 2915 1824 2941 de
1840 2914 2016 2949 Trogodorio
2026 2934 2033 2948 ‚
2055 2912 2236 2946 archeveque

1238 2966 1406 2995 d'Arborea.
