2392 3571
646 347 695 376 LE
718 347 862 376 LIBER
883 345 1114 376 CENSUUM
1138 345 1192 374 DE
1214 334 1399 374 L'EGLISE
1422 343 1627 373 ROMAINE.
2111 343 2168 372 577

137 417 217 446 tans,
233 414 381 440 actoritate
399 413 476 440 sedis
492 413 647 447 apostolice
663 413 697 438 de
713 412 798 438 verbo
813 412 846 438 ad
864 412 981 438 verbum
998 419 1098 437 exem-

139 462 216 496 plavi
232 466 260 488 et
276 462 391 496 signum
407 462 472 488 feci.

106 602 314 637 {CCCXX1111.
336 616 371 622 —
392 601 547 628 Responsio
568 610 668 628 sunicis
688 600 878 628 Gitanas-sis
901 609 931 626 εϊ
950 600 1101 627 Tunnmxi

139 660 224 678 suren
239 658 395 678 sunniam-ro
410 658 489 676 umas
507 658 635 676 Passsrrro
651 658 699 675 ren
716 658 768 675 een
790 658 822 675 υε
843 657 946 675 ετΑΝοο
968 656 1101 674 MANDA'HS

138 708 234 727 nomm
250 701 344 726 rari-3¹.

175 801 195 833 ἦ·
219 799 250 826 In
273 799 386 825 nomine
402 799 510 825 domini
530 799 619 824 nostri
635 798 706 824 Jesu
727 798 844 825 Christi.
867 797 928 824 Hoc
943 803 988 824 cst
1005 806 1104 824 exem-

141 848 219 883 plum
236 847 386 881 cujusdam
407 846 511 881 publici
528 847 712 872 instrumenti
728 847 815 879 hujus
831 847 938 872 tenoris
957 857 962 872 :

178 896 210 922 ln
233 895 347 921 nomine
370 894 494 927 Domini,
518 903 611 920 amen.
636 895 720 920 Anno
744 894 855 920 Domini
878 894 1104 927 MCCXXXVI,

144 945 300 972 indictione
318 944 355 976 X,
373 948 501 978 tempore
517 944 624 970 domini
641 943 770 975 Gregorii
790 943 873 969 Villi
891 952 959 977 pape
975 952 1049 969 anno
1066 943 1103 976 X,

142 994 227 1019 tertio
243 993 287 1018 die
304 998 426 1019 exeunte
445 1000 543 1018 mense
560 992 661 1018 martii.
685 992 716 1018 In
738 992 880 1025 presentia
901 993 953 1017 mei
976 991 1106 1026 Gregorii

143 1047 328 1068 sacrosancte
354 1041 482 1067 Romane
508 1041 629 1067 ecclesie
659 1040 800 1066 seriniarii
825 1045 853 1066 et
877 1040 1106 1074 subscriptorum

144 1091 277 1120 testium,
294 1090 428 1115 dominus
449 1089 599 1115 Hubaldus
618 1089 707 1123 judex
725 1088 914 1115 Galluriensis
931 1094 959 1114 et
977 1088 1108 1114 Turrita-

146 1147 202 1165 nus
222 1148 254 1164 ea
278 1138 322 1164 die
345 1138 458 1172 quando
472 1138 582 1172 juravit
605 1142 679 1163 stare
701 1138 841 1163 mandatis
860 1137 966 1163 domini
990 1146 1060 1172 pape
1081 1141 1108 1163 et

143 1188 268 1214 ecclesie
285 1187 414 1213 Romane
430 1190 458 1212 et
473 1186 587 1220 quando
601 1186 652 1212 tuit
667 1186 820 1212 confessus
836 1194 867 1211 se
882 1186 996 1218 babere,
1010 1190 1107 1212 tenere

146 1240 175 1262 et
202 1236 348 1270 possidere
368 1235 528 1269 judicatum
554 1235 737 1260 Turi-itanum
763 1235 797 1260 ab
822 1235 944 1261 ecclesia
968 1234 1106 1265 Romana,

148 1283 342 1317 interrogatus
358 1292 372 1308 a
389 1283 526 1316 magistro
538 1282 702 1308 Alexandro
718 1283 864 1316 capellano
880 1286 907 1308 et
923 1283 1014 1315 legato
1025 1290 1110 1316 apos-

147 1332 233 1358 tolice
251 1332 330 1357 sedis
351 1336 418 1357 tunc
434 1332 468 1356 ab
492 1332 554 1364 ipso
566 1332 761 1365 juramentum
779 1331 923 1357 fidelitatis
939 1330 1108 1364 recipiente,

148 1384 181 1406 ut
196 1380 310 1406 deberet
323 1381 421 1414 jurare
437 1380 523 1406 simili
545 1380 628 1405 niodo
653 1380 686 1405 de
706 1379 834 1413 judicatu
852 1379 1014 1405 Galim-ensi
1035 1380 1111 1406 sicut

146 1429 183 1455 de
197 1429 327 1463 judicatu
345 1428 496 1454 Turritano
508 1429 630 1462 juravit,
648 1428 742 1454 dictus
756 1428 846 1461 judex
869 1428 1015 1462 respondit
1035 1428 1110 1462 quod

147 1487 205 1504 non
222 1478 344 1503 audebat
358 1486 408 1503 nec
421 1481 528 1509 poterat
542 1477 645 1509 facere,
659 1478 725 1510 quia
736 1477 770 1502 de
782 1478 844 1511 ipso
858 1477 988 1510 judicatu
1005 1477 1111 1503 fecerat

146 1527 346 1561 juramentum
361 1526 503 1552 fidelitatis
520 1525 643 1557 Pisanis,
656 1533 721 1551 cnm
738 1530 797 1551 erat
816 1524 900 1551 Pisis.
924 1525 957 1551 Et
972 1526 1032 1559 ipse
1046 1534 1111 1552 cum

150 1575 284 1610 pluribus
308 1574 422 1600 Pisanis
445 1574 550 1600 ibidem
573 1574 734 1600 astantibus
756 1574 874 1607 rogabat
902 1573 1008 1599 dictum
1034 1574 1111 1608 lega-

151 1627 211 1650 tum
230 1628 260 1649 ut
282 1623 358 1649 istud
382 1623 436 1648 sibi
462 1631 515 1648 non
540 1623 714 1656 injungeret,
737 1622 802 1655 qnia
825 1623 850 1647 si
873 1622 977 1648 faceret
998 1622 1112 1656 penitus

150 1672 314 1706 degerabat.
330 1670 411 1697 Unde
424 1672 540 1705 rogabat
555 1671 678 1704 legatum
693 1674 720 1696 et
735 1670 845 1696 dicebat
857 1670 931 1704 quod
944 1671 967 1696 si
979 1670 1111 1696 dominus

151 1729 224 1755 papa
239 1720 281 1745 vel
299 1721 408 1753 legatus
421 1720 513 1754 ipsum
525 1728 541 1744 a
551 1719 626 1744 dicto
638 1720 802 1753 juramento
814 1719 993 1745 absolverent
1009 1719 1113 1745 faceret

153 1768 343 1795 libentissime
366 1768 401 1793 de
423 1768 498 1793 dicto
517 1767 648 1802 judicatu
670 1767 831 1793 Gallurensi
852 1767 983 1793 mandata
1005 1768 1113 1793 domini

151 1826 224 1852 pape
240 1820 268 1842 et
288 1817 355 1842 dicti
372 1817 466 1850 legati.
486 1816 619 1849 Alioquin
637 1816 750 1842 dicebat
771 1816 900 1841 mandata
919 1815 1025 1841 domini
1042 1824 1112 1851 pape

150 1869 180 1892 et
197 1866 383 1900 prenominati
401 1865 483 1898 legati
500 1865 535 1890 de
550 1865 625 1891 dicto
643 1864 773 1898 judicatu
790 1865 882 1890 tacere
897 1872 928 1890 se
944 1873 998 1890 non
1017 1873 1110 1899 posse.

186 1915 292 1940 Actum
316 1915 342 1940 in
365 1915 467 1948 palatio
488 1915 568 1947 regni
590 1913 732 1939 Tui-ritani
749 1913 782 1939 de
797 1913 914 1944 Ardera,
933 1921 1027 1939 coram
1044 1914 1113 1939 sub-

150 1964 269 1990 scribtis
285 1963 417 1993 testibus,
437 1963 567 1988 videlicet
588 1962 773 1989 Gisarcliensi
790 1965 818 1987 et
833 1961 1015 1995 Empnriensi
1034 1962 1113 1996 epis-

151 2013 248 2047 copis,
275 2012 393 2037 domino
416 2011 566 2037 Lamberto
589 2011 691 2037 abbate
714 2011 748 2036 de
771 2010 889 2042 Falesia,
916 2031 934 2037 ..
957 2011 1058 2036 abbate
1079 2010 1113 2036 de

152 2061 302 2092 Saccaria,
327 2060 413 2086 tratre
434 2059 558 2086 Orlando
582 2059 721 2085 monacho
745 2058 778 2084 de
801 2059 949 2089 Saccaria,
976 2079 994 2085 ..
1021 2059 1114 2093 priore

152 2109 352 2141 Gisarciiensi,
371 2110 508 2142 magistro
525 2107 691 2133 Benencasa
707 2107 844 2133 canonico
859 2107 949 2133 sancti
966 2107 1114 2133 Michaelis

153 2157 280 2190 Lucani,
296 2162 324 2183 et
341 2156 497 2182 Benedicto
513 2156 617 2183 clerico
633 2156 668 2182 de
685 2156 792 2186 Alaun,
815 2159 843 2182 et
865 2155 962 2181 multis
977 2155 1115 2181 militibus

153 2206 269 2233 Pisanis
286 2206 390 2232 ibidem
408 2204 599 2239 presentibus.

188 2254 249 2290 Ego
271 2254 431 2288 Gregorius
453 2257 635 2283 sacrosancte
656 2252 785 2279 Romane
808 2252 928 2279 ecclesie
948 2252 1116 2279 scriniarius

152 2303 189 2330 de
211 2303 342 2329 mandato
362 2303 430 2328 dicti
457 2301 566 2328 domini
588 2301 671 2335 legati
692 2301 745 2327 hoc
766 2301 989 2327 instrumentum
1012 2300 1115 2335 scripsi

151 2355 183 2379 et
199 2352 339 2386 complevi
364 2359 483 2385 meoque
508 2351 590 2384 signo
613 2350 724 2384 signavi
745 2350 814 2376 etin
839 2349 980 2384 publicam
996 2349 1116 2375 sormam

152 2400 262 2435 redegi.

193 2449 228 2476 Et
241 2457 296 2484 ego
308 2448 445 2475 Nicolaus
460 2447 635 2474 Ferentinus
651 2452 750 2474 sancte
765 2447 894 2474 Romane
909 2447 1030 2473 ecclesie
1045 2447 1118 2474 scri-

153 2498 264 2524 niarius
287 2498 340 2523 hoc
361 2497 584 2523 instrumentum
607 2496 683 2522 sicut
702 2495 798 2522 inveni
815 2496 843 2521 in
861 2495 987 2530 predicto
1003 2495 1116 2530 publico

153 2552 184 2575 et
199 2549 343 2575 autentico
360 2548 568 2580 instrumento,
587 2546 624 2572 nil
643 2546 750 2573 addens
770 2546 813 2572 vel
835 2546 968 2572 minuens
988 2546 1032 2572 vel
1053 2554 1118 2572 mu-

153 2602 230 2630 tans,
246 2598 395 2624 actoritate
412 2597 490 2623 sedis
507 2596 665 2631 apostolice
680 2596 715 2622 de
731 2595 818 2622 verbo
837 2595 872 2622 ad
887 2595 1004 2621 verbum
1020 2603 1118 2621 exem-

154 2646 231 2682 plavi
245 2650 274 2672 et
289 2646 403 2680 signum
420 2645 486 2672 reci.

155 2792 182 2818 1.
199 2791 319 2822 Ardera,
333 2791 367 2818 ‘29
383 2799 460 2818 mars
477 2790 555 2817 1236.
571 2804 607 2811 -—
622 2789 770 2820 Muratori,
784 2790 860 2820 Ant..
877 2793 898 2816 t.
916 2787 964 2822 Vt,
980 2797 1007 2823 p.
1028 2787 1069 2816 13.
1086 2803 1120 2808 —

1184 409 1386 443 [CCCXXIVJ.
1409 423 1443 428 —-
1464 409 1583 436 Nescit-s
1605 418 1695 436 noiiixi
1714 418 1779 435 rape
1802 417 2034 436 sxcosmcmcnrr
2057 417 2167 435 penates

1214 466 1248 484 m:
1270 466 1330 487 Qnis
1351 466 1481 483 NOTARiL's
1502 466 1617 483 FACERET
1641 466 1844 484 ixsrnt'iismcii
1865 466 1923 483 srss
1943 465 2068 483 mxumo
2085 464 2168 483 ipsms

1215 514 1248 532 1>ss
1264 514 1359 531 vannis
1374 514 1478 531 iiinrris
1499 514 1575 531 ix'rrzii
1592 514 1669 532 iPSUM
1686 514 1716 531 ετ
1731 514 1840 532 women
1856 514 1888 531 ετ
1903 513 2055 532 JCchiSSAM
2067 505 2170 531 Tunni-

1217 562 1302 581 TANos
1320 562 1351 579 er
1367 553 1564 580 Gitanas-<es
1576 556 1593 579 ¹.

1252 651 1270 680 -ξ-
1294 648 1323 675 In
1346 650 1459 675 nomine
1481 649 1586 675 domini
1612 649 1699 675 nostri
1719 649 1788 675 Jesu
1806 649 1920 675 Christi.
1939 649 1999 675 Hoc
2014 653 2057 674 est
2071 657 2170 675 exem-

1218 698 1294 732 plum
1309 697 1458 730 cujusdam
1477 698 1579 731 publici
1596 697 1776 722 instrumenti
1794 698 1880 730 liujus
1896 698 2012 723 tenoris.

1255 746 1286 771 In
1303 746 1415 771 nomine
1436 745 1557 776 Domini,
1573 754 1665 771 amen.
1681 746 1763 770 Anno
1781 744 1893 770 Domini
1911 743 2168 778 M{CCXXXV11]‚

1220 793 1374 820 indictione
1393 792 1444 825 xl,
1461 794 1622 827 tempnredo
1638 794 1704 819 mini
1717 793 1844 825 Gregorii
1856 792 1935 818 Villi
1951 802 2019 826 pape
2031 801 2103 818 anno
2115 792 2167 823 XI,

1221 842 1303 868 tertia
1328 842 1372 867 die
1396 846 1517 867 exeunte
1535 850 1630 867 mense
1656 842 1760 871 martii,
1783 842 1809 866 in
1831 841 1970 874 presentia
1990 841 2167 867 dominorum

1222 891 1425 918 Gisarcliensis
1449 895 1476 915 et
1502 890 1698 924 Empnriensis
1723 891 1938 923 cpiscoporum,
1965 890 2018 915 inci
2042 889 2171 923 Gregorii

1221 942 1402 964 sacrosancte
1432 938 1558 963 l'tomane
1581 937 1701 963 ecclesie
1731 937 1870 962 seriniarii
1896 942 1923 962 et
1946 938 2170 963 subscribtorurn

1222 988 1349 1016 testium,
1368 987 1501 1018 magister
1519 986 1679 1012 Alexander
1694 986 1798 1011 domini
1816 994 1884 1019 pape
1900 986 2071 1019 capellanus,
2088 993 2174 1019 apos-

1223 1036 1306 1062 tolice
1323 1035 1399 1061 sedis
1423 1035 1547 1067 legatus,
1571 1044 1604 1060 eo
1619 1035 1663 1059 die
1686 1038 1713 1060 et
1735 1035 1800 1059 liora
1821 1042 1876 1067 quo
1901 1034 1941 1059 vel
1965 1042 2018 1067 qua
2039 1033 2173 1059 dominus

1223 1084 1372 1110 Hubaldus
1386 1084 1474 1117 judex
1491 1082 1679 1108 Galluriensis
1695 1087 1721 1107 et
1736 1082 1903 1107 Tui-ritanus
1918 1087 1945 1107 et
1960 1083 2073 1107 domina
2096 1081 2173 1107 Ade-

1224 1133 1293 1158 lasia
1309 1133 1406 1165 regina
1423 1132 1599 1157 Gallurensis
1619 1135 1646 1156 et
1660 1130 1808 1156 Turritana
1820 1131 1988 1163 juraverunt
2005 1134 2078 1155 stare
2096 1137 2174 1155 man-

1225 1181 1288 1207 dato
1302 1186 1329 1206 et
1346 1180 1484 1206 mandatis
1497 1179 1602 1204 domini
1616 1188 1684 1212 pape
1697 1183 1724 1204 et
1737 1179 1856 1203 ecclesie
1870 1177 1996 1203 Romane
2008 1181 2035 1202 et
2047 1177 2175 1211 ejusdem

1226 1230 1354 1264 magistri
1381 1229 1532 1255 Alexandri
1557 1228 1710 1262 apostolice
1735 1227 1812 1252 sedis
1836 1227 1920 1260 legati
1943 1230 1970 1251 et
1994 1225 2178 1259 prestiterunt

1222 1280 1417 1313 juramentum
1442 1277 1585 1303 fidelitatis
1608 1276 1722 1302 domino
1749 1284 1818 1309 pape
1843 1280 1870 1300 et
1892 1275 2012 1300 ecclesie
2034 1274 2176 1303 Romane,

1226 1325 1484 1353 excommunicavit
1510 1325 1620 1360 publice
1647 1332 1681 1350 ne
1710 1324 1774 1357 quis
1805 1323 1931 1348 notarius
1957 1322 1999 1347 rel
2025 1322 2114 1355 judex
2144 1321 2179 1346 de

1227 1376 1360 1402 omnibus
1382 1374 1475 1399 verbis
1491 1375 1552 1399 sive
1567 1373 1735 1399 tractatibus
1750 1380 1804 1405 qne
1821 1371 1939 1396 habebat
1953 1370 2013 1395 sive
2030 1370 2179 1395 habiturus

1227 1429 1286 1450 erat
1302 1432 1366 1450 cum
1383 1424 1482 1448 eodem
1497 1421 1611 1447 domino
1628 1420 1757 1446 Hubaldo
1771 1419 1867 1454 jndice
1882 1418 2031 1444 Turi-itano
2043 1423 2069 1443 ct
2082 1418 2178 1444 Gallu·

1228 1472 1314 1498 riensi
1331 1477 1357 1498 et
1375 1472 1488 1497 domina
1505 1471 1638 1496 Adelasia
1652 1478 1739 1495 uxore
1757 1477 1809 1494 sua
1824 1469 1928 1494 faceret
1939 1471 2043 1494 cartam
2057 1467 2179 1501 aliquam

1227 1523 1288 1548 sive
1306 1521 1450 1556 publicum
1471 1520 1690 1545 instrumentum
1708 1519 1815 1551 absque
1831 1518 1895 1551 ejus
1911 1516 2041 1542 mandato
2057 1520 2084 1542 et
2097 1516 2181 1542 licen-

1227 1570 1264 1596 tia
1279 1569 1406 1604 speciali.

1263 1619 1367 1645 Actum
1394 1618 1420 1643 in
1448 1616 1547 1651 palatio
1575 1615 1698 1646 Ardere,
1726 1622 1821 1640 coram
1845 1613 2015 1647 subscriptis
2041 1614 2179 1644 testibus,

1227 1668 1358 1693 videlicet
1378 1666 1491 1692 domino
1514 1686 1531 1690 ..
1552 1665 1651 1690 abbate
1669 1664 1703 1689 de
1724 1663 1849 1694 Falesia,
1866 1662 1979 1687 domino
1997 1682 2015 1688 ..
2031 1661 2131 1686 abbate
2146 1661 2181 1686 de

1229 1715 1377 1745 Saccaria,
1396 1735 1412 1740 ..
1431 1714 1523 1748 priore
1539 1713 1572 1738 de
1593 1712 1734 1741 Gis-arelo,
1757 1711 1839 1736 fratre
1855 1710 1977 1736 Orlando
1994 1710 2131 1735 monacho
2147 1709 2181 1735 de

1229 1765 1377 1797 Saccaria,
1396 1763 1550 1789 Benedicto
1571 1766 1598 1787 et
1615 1763 1749 1795 magistro
1767 1759 1931 1785 Benencasa
1948 1759 2060 1784 clericis
2075 1758 2180 1784 domini

1227 1813 1314 1847 legati
1330 1811 1496 1847 supradicti.

1263 1862 1323 1896 Ego
1339 1862 1496 1895 Gregorius
1516 1864 1696 1885 sacrosancte
1713 1857 1841 1883 Romane
1864 1857 1984 1882 ecclesie
1999 1856 2181 1887 scriniarius,

1229 1911 1263 1937 de
1279 1910 1409 1936 mandato
1425 1909 1542 1943 predicti
1561 1907 1687 1940 magistri
1704 1905 1856 1932 Alexandri
1873 1905 1979 1930 domini
2002 1913 2071 1938 pape
2087 1904 2182 1938 capel-

1228 1960 1285 1986 lani
1309 1965 1336 1985 et
1351 1958 1504 1993 apostolice
1527 1957 1604 1983 sedis
1626 1957 1710 1989 legati
1728 1954 1829 1988 scripsi
1853 1958 1879 1979 et
1901 1954 2038 1987 complevi
2065 1959 2184 1986 meoque

1231 2009 1313 2043 signo
1336 2006 1445 2041 signavi
1467 2010 1495 2031 et
1516 2005 1543 2031 in
1565 2004 1705 2039 publicam
1726 2004 1841 2029 formam
1858 2001 1965 2035 redegi.

1264 2057 1299 2083 Et
1314 2064 1367 2091 ego
1384 2055 1518 2081 Nicolaus
1535 2053 1703 2080 Ferentinns
1719 2056 1816 2078 sancte
1832 2050 1959 2076 Romane
1975 2049 2097 2075 ecclesie
2113 2048 2184 2075 scri-

1231 2105 1337 2132 niarius
1361 2105 1413 2130 boc
1436 2104 1657 2130 instrumentum
1680 2101 1754 2127 sicut
1774 2099 1869 2126 inveni
1886 2099 1912 2125 in
1931 2098 2056 2133 predicto
2073 2098 2185 2132 publico

1230 2159 1258 2181 et
1277 2154 1420 2181 autentico
1438 2154 1643 2183 instrumento,
1669 2150 1706 2176 nil
1728 2149 1836 2175 addens
1852 2148 1894 2174 vel
1911 2147 2043 2173 minuens
2058 2146 2101 2172 vel
2124 2154 2186 2172 mu-

1232 2209 1312 2234 tans,
1329 2203 1477 2228 actoritate
1494 2200 1570 2226 sedis
1586 2199 1740 2234 apostolice
1756 2197 1789 2223 de
1806 2197 1891 2222 verbo
1907 2196 1940 2221 ad
1958 2195 2074 2221 verbum
2091 2202 2188 2220 exem-

1231 2252 1305 2287 plavi
1321 2255 1349 2277 et
1365 2252 1479 2285 signum
1497 2249 1559 2275 feci.

1201 2390 1390 2427 [CCCXXVI.
1413 2403 1448 2410 --
1471 2389 1620 2416 Concessio
1639 2395 1723 2413 nera
1743 2394 1793 2413 PER
1813 2393 1936 2412 Leonum
1955 2392 2056 2410 NomNss
2072 2382 2190 2409 Romans

1234 2448 1359 2467 Echesia
1376 2447 1476 2465 nomina
1491 2438 1632 2464 Anatim
1647 2434 1729 2463 uxorii
1744 2442 1838 2461 nouum
1854 2433 1979 2460 Humum
1994 2440 2028 2458 ne
2043 2440 2129 2458 ‘renni
2144 2439 2190 2458 Ju-

1233 2496 1345 2515 nica'rus
1360 2487 1540 2514 Tuniza-Aust.

1267 2587 1287 2619 †
1306 2585 1337 2611 ln
1361 2585 1474 2610 nomine
1494 2582 1601 2609 domini
1624 2581 1713 2607 nostri
1733 2579 1804 2606 Jesu
1824 2579 1940 2605 Christi.
1957 2577 2019 2604 Hoc
2034 2581 2077 2604 est
2092 2584 2190 2603 exem-

1235 2634 1311 2670 plum
1327 2632 1477 2667 cujusdam
1494 2631 1600 2666 publici
1615 2629 1798 2656 instrumenti
1814 2629 1902 2662 hujus
1914 2626 2033 2653 tenoris.

1237 2784 1261 2810 1.
1279 2782 1400 2813 Ardera,
1415 2781 1450 2808 29
1466 2788 1541 2806 mars
1558 2778 1636 2806 1237.
1650 2793 1683 2798 —
1698 2777 1845 2808 Mummi-i,
1861 2776 1937 2806 Am..
1951 2779 1971 2802 t.
1987 2775 2039 2809 Vl,
2054 2784 2082 2810 p.
2100 2775 2142 2802 13.
2157 2789 2193 2795 -

1200 2832 1240 2859 Le
1248 2832 1324 2866 le'gat
1334 2829 1495 2857 Alexandre
1508 2827 1608 2854 defend
1621 2835 1677 2853 aux
1689 2827 1813 2852 notan-es
1825 2828 1853 2851 et
1862 2832 1917 2850 aux
1925 2824 2012 2858 juges
2023 2823 2058 2850 de
2068 2823 2191 2855 dresser,

1202 2888 1270 2907 sans
1285 2888 1317 2906 sa
1333 2878 1519 2913 permission,
1535 2875 1586 2902 des
1606 2878 1685 2901 actes
1708 2873 1814 2900 relatit's
1835 2880 1891 2898 aux
1914 2871 2110 2906 negociations
2124 2871 2192 2906 qu’il

1202 2928 1334 2963 poursuit
1347 2934 1415 2953 avec
1431 2926 1455 2951 le
1471 2926 1539 2959 juge
1553 2928 1582 2950 et
1596 2923 1621 2949 la
1636 2923 1714 2949 reine
1730 2921 1763 2948 de
1779 2921 1893 2948 Gallure
1908 2924 1937 2947 et
1950 2919 2065 2947 Tot-res.

1237 2977 1264 3004 ⁶2.
1281 2975 1401 3008 Ardera,
1418 2974 1450 3001 ‘23
1466 2972 1536 3000 avril
1553 2972 1628 2999 1237.
1644 2985 1677 2992 —
1694 2970 1841 3001 Murato-i,
1857 2971 1933 3002 Ant„
1949 2972 1971 2996 t.
1989 2968 2038 3000 VI,
2056 2977 2085 3004 p.
2104 2969 2144 2995 13.
2157 2981 2194 2990 —

119 2839 249 2872 HubaM,
268 2841 342 2874 juge
364 2839 398 2865 de
418 2838 534 2866 Gallure
556 2842 585 2864 et
608 2838 643 2864 de
664 2837 782 2870 'rori-es,
807 2837 918 2863 declat-e
943 2845 977 2863 ne
1000 2837 1121 2871 pouvoii·

117 2889 229 2924 preter,
247 2897 318 2924 pour
338 2889 363 2915 la
380 2888 547 2922 judicatur-e
568 2887 602 2913 de
622 2886 751 2920 Gallure,
771 2886 796 2912 le
817 2886 908 2912 meme
923 2889 1050 2911 serment
1064 2893 1121 2920 que

119 2945 193 2972 paui·
207 2937 278 2964 celle
291 2937 326 2963 de
340 2936 461 2968 Torres,
477 2938 563 2970 ayant
577 2935 640 2969 deja
656 2935 750 2970 prete,
766 2942 838 2969 pour
852 2933 977 2967 Gallure,
995 2937 1121 2960 serment

116 2985 157 3012 de
168 2985 273 3012 fidelite
288 2987 304 3011 a
321 2985 345 3011 la
360 2983 529 3019 republique
544 2983 579 3009 de
599 2982 676 3009 Pise.

261 3046 348 3073 hmini
366 3044 508 3073 Gssnsuun.
529 3057 564 3064 —
581 3043 605 3071 1.
2022 3030 2054 3057 73
