2392 3571
166 319 225 350 574

241 385 270 411 ln
297 385 409 410 nomine
434 384 557 416 Domini,
579 392 673 409 amen.
698 383 782 409 Anno
805 382 918 409 Domini
942 381 1164 415 MCCXXXVI,

205 434 360 460 indictione
380 432 416 463 X,
434 437 561 467 tempore
579 432 686 458 domini
703 431 834 466 Gregorii
852 430 920 457 VIII
943 439 1012 466 pape
1029 439 1103 456 anno
1122 429 1164 464 X,

204 483 286 509 tertia
308 482 353 507 die
369 486 491 507 exeunte
517 489 616 506 mense
640 480 748 512 martii,
771 481 797 506 in
821 480 964 515 presentia
985 479 1164 505 dominorum

203 530 396 557 Gisarclensis
424 533 451 555 et
478 528 677 563 Empuriensis
706 528 922 562 episcoporum,
954 527 1008 554 mei
1035 527 1165 561 Gregorii

204 582 388 606 sacrosancte
413 578 542 604 Romane
567 577 690 604 ecclesie
718 577 859 603 scriniarii
888 582 913 603 et
936 577 1165 602 subscribtorum

203 628 333 658 testium,
356 627 470 653 domina
493 626 627 652 Adelasia
649 625 746 660 regina
770 625 920 652 Turi-{tana
939 630 967 651 et
988 625 1166 651 Galim-ensis

204 676 371 710 recognovit
386 679 414 701 et
435 675 487 701 suit
507 675 640 701 confessa
657 674 768 709 publice
784 678 811 700 et
835 683 888 700 non
908 679 1016 707 coacta,
1034 678 1166 708 presente

204 729 231 752 et
244 724 444 751 consentiente
459 724 573 749 domino
593 723 721 749 Hubaldo
738 724 797 750 viro
813 732 878 757 suo,
891 724 989 758 judice
1004 722 1165 749 Gallurensi

204 777 233 800 et
247 773 407 803 Tui-ritano,
422 780 453 798 se
470 773 585 805 babere,
603 776 699 798 tenere
715 776 744 798 et
757 772 904 807 possidere
916 773 1075 806 judicatum
1093 771 1166 797 Tur-

205 824 327 849 ritanum
353 826 380 848 et
401 823 495 848 omnia
515 830 570 856 que
586 821 620 847 ad
642 821 734 856 ipsam
756 821 897 848 dominam
917 821 1166 855 bereditariojure

203 872 347 906 pertinent
361 875 417 897 tam
434 871 462 896 in
480 870 611 896 Sardinia
626 879 710 904 quam
728 871 754 896 in
773 870 899 900 Corsica,
918 870 1003 902 Pisis,
1028 870 1122 896 Massa
1138 874 1166 896 et

203 920 376 954 ubicumque
393 923 460 945 sunt
479 919 520 953 [ab
535 919 657 945 ecclesia
673 918 823 952 Romanal.
843 918 897 945 Pro
913 919 1018 953 quibus
1031 920 1166 945 omnibus

203 969 324 996 ecclesie
345 968 474 1003 Romane
492 969 690 1002 juramentum
712 968 856 994 fidelitatis
872 969 1010 1003 prestitit,
1029 970 1165 1002 magistro

203 1017 367 1044 Alexandro
393 1017 538 1052 capellano
557 1022 585 1043 et
607 1018 700 1051 legato
720 1018 877 1052 apostolice
900 1018 977 1043 sedis
995 1018 1106 1044 nomine
1124 1019 1166 1052 ip-

202 1067 265 1093 sius
288 1066 417 1092 Romane
439 1066 560 1092 ecclesie
584 1065 691 1091 dictum
708 1070 919 1092 sacramentum
934 1066 1099 1100 recipiente,
1115 1075 1165 1093 cu-

198 1116 249 1150 jus
266 1119 345 1141 tenor
362 1115 425 1140 talis
441 1118 484 1140 est
503 1125 508 1140 ε

239 1174 250 1186 ιι
273 1163 333 1197 Ego
355 1163 469 1188 domina
490 1162 626 1189 Adelasia
649 1164 747 1197 regina
769 1163 919 1189 Tui-ritana
940 1167 967 1189 et
988 1163 1166 1189 Gallurensis

203 1212 238 1238 ab
262 1212 313 1238 hac
339 1212 407 1237 liora
427 1212 454 1237 in
479 1215 561 1237 antea
582 1211 673 1237 fidelis
697 1220 745 1237 ero
767 1216 793 1237 et
817 1211 953 1238 obediens
978 1212 1060 1238 beato
1084 1212 1165 1238 l’etro

201 1264 360 1294 sancteque
382 1259 509 1285 Romane
526 1260 647 1286 ecclesie
671 1264 698 1286 et
719 1259 834 1286 domino
858 1268 920 1285 meo
939 1269 1008 1294 pape
1026 1261 1165 1294 Gregorio

201 1310 323 1343 ejusque
353 1308 574 1334 successoribus
603 1309 738 1334 canonice
766 1309 947 1336 intrantibus.
976 1309 1036 1335 Non
1064 1318 1111 1335 ero
1138 1310 1163 1335 in

202 1358 276 1384 sacto
299 1366 350 1383 nec
380 1359 406 1383 in
436 1357 513 1383 dicto
537 1366 627 1391 neque
649 1357 675 1383 in
698 1357 817 1383 consilio
844 1362 873 1383 nt
898 1358 958 1391 ipse
986 1359 1028 1383 vel
1055 1359 1165 1391 legatus

203 1406 264 1432 sive
285 1405 403 1431 nuntius
421 1407 485 1439 ejus
506 1405 589 1431 vitain
609 1405 726 1439 perdant
748 1412 794 1431 aut
812 1406 970 1431 membrum
987 1411 1034 1432 aut
1050 1408 1164 1440 capian-

204 1459 250 1481 tur
266 1455 337 1480 mala
353 1455 494 1488 captione.
512 1453 668 1479 Consilium
686 1454 759 1487 qnod
779 1454 846 1479 mihi
868 1454 1000 1480 dominus
1017 1464 1086 1489 papa
1103 1464 1165 1481 cre-

204 1504 317 1530 diturus
336 1507 379 1528 est
402 1511 451 1537 per
474 1511 504 1528 se
528 1503 570 1528 vel
594 1511 643 1536 per
666 1503 762 1528 literas
785 1503 846 1528 sive
868 1511 916 1536 per
933 1504 1062 1529 nuntium
1079 1512 1163 1530 suum

201 1561 246 1578 me
263 1553 372 1578 sciente
387 1551 419 1576 ad
442 1552 533 1585 ipsius
553 1551 686 1576 damnum
709 1551 778 1576 nnlli
801 1552 931 1585 pandam.
957 1552 1075 1583 Regalia
1092 1553 1164 1578 beati

202 1601 277 1626 Petri
293 1604 320 1626 et
336 1600 497 1634 specialiter
513 1599 688 1632 sardiniam
711 1599 834 1633 adjutrix
858 1609 906 1626 ero
926 1600 958 1626 ad
985 1601 1164 1627 retinendum

201 1653 230 1675 et
251 1648 460 1674 defendendum
478 1652 576 1673 eontra
592 1656 705 1674 omnem
723 1648 866 1674 bominem
884 1653 911 1674 et
926 1650 1163 1683 reaequirendnin

201 1698 253 1724 alia
266 1699 333 1731 jura
347 1697 468 1723 ecclesie
486 1696 614 1722 Romane
631 1697 803 1730 ubicumque
818 1698 933 1728 fuerint,
947 1707 1010 1724 cnm
1023 1708 1037 1724 a
1050 1699 1164 1725 domino

201 1755 272 1781 papa
301 1747 343 1771 vel
366 1747 430 1780 ejus
450 1749 528 1771 certo
551 1746 650 1771 nuntio
675 1746 754 1771 fuero
780 1747 926 1779 requisita.
954 1747 1075 1781 Insuper
1101 1757 1164 1783 pre-

199 1795 307 1822 dictum
324 1795 483 1829 judicatum
507 1794 692 1821 Turi-itanum
712 1800 740 1821 et
757 1796 810 1821 alia
831 1805 885 1830 que
901 1796 935 1822 ad
955 1806 999 1823 me
1025 1799 1165 1831 pertinere

201 1848 361 1871 noscuntur
378 1844 482 1869 nemini
499 1852 669 1878 supponam,
688 1852 780 1878 neque
796 1844 890 1878 aliquo
910 1846 992 1871 modo
1008 1846 1163 1872 diminuam

200 1894 264 1920 sine
282 1893 412 1918 mandato
429 1897 455 1918 et
472 1892 584 1918 licentia
601 1893 706 1918 summi
724 1893 875 1927 pontificis.
895 1893 1030 1927 Legatum
1048 1899 1164 1929 aposto-

206 1942 258 1968 lice
275 1942 352 1967 sedis
374 1942 493 1967 honeste
511 1941 642 1975 recipiam
661 1946 688 1967 et
705 1942 731 1966 in
749 1942 843 1968 eundo
862 1946 890 1968 et
910 1944 1055 1969 redeundo
1073 1945 1163 1970 bono-

201 1992 280 2018 rifiee
292 1992 417 2017 tractabo
434 1996 459 2016 et
476 1991 502 2016 in
518 1991 580 2016 suis
596 1991 817 2017 necessitatibus
833 1991 875 2025 adj
883 1992 984 2019 nvabo.
1003 2004 1014 2016 η

237 2041 343 2066 Actum
361 2040 386 2065 in
406 2040 506 2074 palatio
524 2039 602 2073 regni
616 2039 758 2065 Turritani
780 2040 814 2065 de
836 2040 959 2072 Ardera,
982 2049 1077 2068 coram
1094 2043 1164 2069 sub-

201 2089 317 2115 scribtis
335 2089 467 2118 testibus,
491 2088 622 2114 videlicet
638 2088 822 2115 Gisarcliensi
844 2094 871 2116 et
886 2089 1068 2124 Empuriensi
1088 2093 1164 2126 epis-

201 2137 291 2172 copis,
304 2137 418 2163 domino
436 2136 585 2163 Lamberto
602 2136 703 2163 abbate
718 2137 752 2163 de
770 2137 887 2169 Falesia,
903 2159 922 2166 ..
934 2139 1034 2165 abbate
1046 2140 1080 2165 de
1093 2141 1164 2167 Sac-

202 2187 287 2220 caria,
305 2186 390 2211 fratre
406 2185 530 2212 Orlando
548 2186 686 2211 monacho
703 2186 736 2211 de
754 2186 895 2220 saccaria,
915 2207 933 2213 ..
956 2188 1048 2222 priore
1064 2188 1164 2215 Gisar-

202 2235 317 2265 eliensi,
343 2234 480 2267 magistro
507 2233 709 2260 Benenencasa
735 2237 873 2261 canonico
899 2236 988 2262 sancti
1016 2236 1164 2264 Michaelis

200 2283 324 2317 Lucani,
341 2287 368 2309 et
385 2283 541 2309 Benedicto
563 2283 667 2310 elerico
686 2283 720 2309 de
740 2284 854 2317 Alatro,
870 2290 898 2311 et
914 2286 1012 2311 multis
1026 2287 1164 2313 militibus

199 2332 324 2361 Pisanis,
342 2336 369 2358 et
385 2332 457 2358 aliis.

235 2380 296 2413 Ego
312 2380 470 2414 Gregorius
485 2386 668 2407 sacrosancte
690 2380 818 2407 Romane
839 2383 961 2408 ecclesie
983 2383 1162 2418 scriniarius,

200 2429 234 2455 de
257 2429 387 2455 mandato
410 2429 477 2455 dicti
499 2429 606 2455 domini
630 2430 714 2463 legati
735 2430 789 2456 hoe
812 2431 1035 2458 instrumentum
1059 2433 1164 2459 scribsi

200 2482 228 2504 et
243 2478 382 2512 complevi
400 2486 519 2512 meoque
539 2479 623 2512 signo
643 2478 755 2512 signavi
778 2482 806 2505 et
826 2480 853 2505 in
877 2480 1019 2514 publicam
1043 2482 1162 2508 sormam

199 2527 308 2561 redegi.

234 2575 270 2602 Et
284 2584 338 2610 ego
354 2575 489 2602 Nicolaus
507 2575 677 2603 Fet-eatinus
693 2581 790 2604 sancte
808 2578 936 2604 Romane
952 2579 1072 2606 ecclesie
1091 2581 1162 2607 scri-

199 2624 308 2650 niarius
330 2625 384 2651 hoc
406 2625 627 2651 instrumentum
651 2626 727 2652 sieut
748 2626 843 2653 inveni
866 2627 891 2652 in
916 2628 1030 2662 publico
1055 2629 1163 2655 instru-

199 2677 296 2699 mento
312 2673 464 2708 exemplari
478 2682 542 2706 suo,
559 2674 627 2700 nihil
644 2674 753 2700 addens
769 2675 812 2700 vel
828 2675 961 2702 minuens
977 2677 1020 2702 vel
1037 2681 1160 2709 mutans,

198 2721 234 2748 de
259 2721 344 2747 verbo
367 2721 401 2747 ad
423 2722 557 2754 verbum,
573 2722 721 2749 actoritate
744 2724 900 2758 apostolice
921 2724 1000 2751 sedis
1018 2726 1045 2752 in
1068 2726 1162 2760 publi-

198 2778 259 2796 cam
279 2770 395 2796 formam
413 2771 515 2805 scripsi
533 2774 561 2797 et
576 2771 690 2805 signum
708 2771 772 2798 feci.

165 2961 355 2996 leccxvm.
374 2978 409 2983 —
431 2963 471 2989 Da
492 2972 591 2991 eonati.
616 2980 647 2984 —
673 2966 806 2992 Ansmsn
830 2975 927 2994 nanim
952 2967 1111 2995 Turturum
1130 2978 1161 2995 Ετ

706 318 757 348 LE
780 317 926 347 LIBER
948 316 1182 347 CENSUUM
1204 316 1259 345 DE
1281 306 1468 346 L’EGLISE
1489 306 1700 347 ROMAINE.

1283 381 1475 408 GALLL'RENSIS
1502 390 1620 408 DONAviT
1644 390 1746 408 DOMINO
1770 390 1836 408 ΡΛΡΕ
1858 389 1946 408 TOTAM
1970 390 2077 408 TERRAM
2101 390 2246 409 JuniCA'rus

1281 429 1432 456 TURniTANi
1452 439 1484 456 ΕΤ
1499 439 1582 457 OMNIA
1599 439 1650 460 QUE
1666 439 1790 456 HABEBAT
1806 438 1884 456 iNFnA
1902 437 2018 456 iNsnLAM
2035 429 2165 457 SanniNiE
2178 433 2196 456 Ι.

1317 532 1335 564 ’ὶ-
1355 531 1387 558 ln
1406 533 1520 558 nomine
1543 532 1650 558 domini
1668 532 1757 558 nostri
1779 531 1849 558 Jesu
1872 531 1990 558 Christi.
2007 530 2068 557 Hoc
2083 535 2128 557 est
2148 539 2248 558 exem-

1284 580 1360 615 plum
1377 581 1527 615 cujusdam
1545 581 1729 607 instrumenti
1745 581 1834 615 hujus
1851 580 1959 606 tenoris
1977 591 1982 606 ι

1320 628 1350 654 In
1368 630 1482 655 nomine
1498 628 1623 657 Domini.
1636 638 1728 655 amen.
1742 629 1827 655 Anno
1838 628 1952 655 Domini
1970 627 2248 660 MCCXXXV1,in-

1283 677 1408 703 dictione
1426 677 1479 709 xi,
1497 682 1624 712 tempore
1640 678 1747 704 domini
1764 677 1896 712 Gregorii
1913 677 1997 704 Vliu
2015 685 2085 711 pape
2100 685 2174 703 anno
2192 675 2246 710 XI,

1284 727 1367 752 tertia
1380 726 1424 753 die
1440 731 1563 753 exeunte
1577 735 1675 753 mense
1688 727 1791 760 martii,
1804 727 1830 753 in
1845 727 1989 761 presentia
2004 726 2183 753 dominorum
2196 725 2249 753 Gi-

1284 775 1438 801 sarclensis
1455 780 1482 802 et
1498 775 1700 810 Empuriensis
1712 775 1925 810 episcoporum,
1940 775 1993 801 mei
2006 774 2138 808 Gregorii
2152 783 2248 801 sacro—

1284 829 1382 851 sancte
1400 824 1527 851 Romane
1539 825 1661 851 ecclesie
1672 825 1813 851 scriniarii
1830 829 1857 851 et
1873 825 2101 859 subscriptorum
2119 824 2247 857 testium,

1283 882 1337 907 ego
1353 873 1487 900 Adelasia
1503 874 1599 907 regina
1612 873 1762 900 Turritana
1779 878 1806 900 et
1817 873 2006 905 Galiarensis,
2019 881 2087 899 sana
2099 877 2127 899 et
2138 873 2248 899 incolu—

1284 923 1338 948 mis
1354 930 1472 956 corpore
1489 926 1517 947 et
1532 926 1636 953 mente,
1655 921 1688 947 de
1707 923 1789 956 plano
1805 926 1833 948 et
1853 923 1879 948 in
1897 923 2016 947 veritate
2036 928 2248 955 recognoscens

1284 971 1442 997 Romanam
1452 971 1603 996 ecclesiam
1614 979 1679 997 esse
1689 975 1806 997 matrem
1819 975 1847 996 et
1858 970 2000 996 dominam
2012 978 2113 1001 meam⁷
2122 974 2150 995 et
2160 973 2247 995 totam

1283 1024 1386 1046 terrain
1414 1019 1562 1053 judicatus
1588 1019 1733 1045 Turritani
1762 1019 1796 1045 ad
1825 1020 1875 1052 jus
1905 1023 1933 1044 et
1959 1019 2159 1052 proprietatem
2183 1018 2248 1051 ejus

1284 1073 1429 1102 spectare,
1454 1068 1543 1093 libera
1567 1071 1594 1093 et
1620 1072 1779 1101 spontanea
1805 1075 1867 1093 mea
1893 1067 2054 1097 voluntate,
2081 1075 2130 1101 pro
2156 1066 2249 1092 salute

1283 1118 1376 1142 anime
1399 1125 1459 1142 mee
1482 1120 1510 1142 et
1533 1116 1702 1142 remissione
1728 1120 1910 1150 peccatorum
1938 1119 2086 1150 parentum
2109 1123 2248 1148 meorum,

1283 1165 1333 1190 do.
1361 1164 1450 1195 dono,
1468 1164 1537 1190 cedo
1553 1168 1581 1189 et
1603 1164 1729 1189 concedo
1746 1164 1820 1189 inter
1842 1164 1922 1189 vivos
1938 1167 1966 1189 et
1983 1163 2206 1189 irrevocabiliter
2221 1166 2250 1189 et

1283 1214 1309 1240 in
1334 1218 1501 1247 perpetuum
1521 1213 1572 1239 tibi
1594 1213 1731 1246 magistro
1753 1212 1916 1239 Alexandro
1940 1213 2085 1247 capellano
2106 1217 2134 1239 et
2155 1213 2249 1247 legato

1282 1262 1437 1296 apostolice
1458 1261 1535 1287 sedis
1556 1261 1703 1295 recipienti
1718 1263 1784 1295 jure
1799 1265 1827 1287 et
1850 1261 1964 1287 nomine
1985 1261 2093 1287 domini
2116 1260 2249 1296 Gregorii

1284 1312 1350 1337 noni
1372 1311 1478 1337 summi
1503 1311 1646 1344 pontificis
1671 1316 1699 1336 et
1724 1311 1817 1345 ipsius
1841 1311 1962 1337 ecclesie
1983 1310 2122 1341 Romane,
2144 1315 2248 1337 terram

1283 1360 1373 1394 ipsam
1391 1364 1417 1385 et
1440 1360 1535 1385 omnia
1549 1360 1602 1385 alia
1625 1361 1697 1385 bona
1720 1368 1781 1386 mea
1803 1368 1858 1393 que
1874 1359 1907 1385 ad
1926 1368 1969 1386 me
1991 1359 2163 1386 hereditario
2181 1361 2248 1394 jure

1285 1410 1428 1442 pertinent
1450 1414 1504 1434 tam
1526 1409 1552 1434 in
1572 1409 1664 1434 insola
1681 1408 1811 1434 Sardinie
1827 1417 1910 1443 quam
1936 1408 1962 1434 in
1980 1408 2109 1438 Corsica,
2129 1408 2205 1435 Pisis
2220 1412 2249 1435 et

1284 1457 1426 1489 Mass-„net
1444 1457 1617 1491 ubicumque
1634 1457 1734 1488 habeo.
1751 1465 1816 1483 cum
1832 1458 1968 1483 omnibns
1983 1461 2011 1483 et
2026 1457 2150 1490 singulis
2166 1457 2200 1483 ad
2217 1465 2248 1483 se

1285 1505 1505 1540 pertinentibus
1519 1511 1546 1531 ct
1557 1505 1620 1531 aliis
1632 1505 1748 1539 juribus
1764 1510 1792 1531 et
1805 1505 1964 1531 rationibus
1980 1514 2034 1539 qne
2050 1506 2083 1531 ad
2102 1513 2146 1531 me
2161 1505 2249 1541 perti-

1284 1563 1350 1580 nere
1365 1559 1533 1581 noscuntur.
1552 1553 1585 1580 Et
1602 1554 1748 1580 constituo
1761 1563 1804 1580 me
1822 1555 1867 1580 illa
1881 1555 1995 1580 nomine
2012 1554 2140 1580 Romane
2155 1555 2249 1581 eccle-

1283 1604 1325 1629 sie
1342 1603 1497 1637 possidere,
1514 1603 1550 1629 ita
1566 1603 1641 1637 quod
1659 1603 1714 1628 tilia
1731 1604 1773 1628 vel
1791 1603 1839 1629 filii
1857 1604 1910 1628 mei
1927 1603 2056 1637 legitimi,
2071 1603 2096 1629 si
2113 1603 2247 1636 liabuero,

1285 1652 1351 1678 mihi
1376 1651 1549 1681 succedant,
1574 1656 1602 1677 et
1625 1651 1743 1685 predicti
1764 1651 1814 1677 filii
1838 1651 1891 1677 mei
1916 1651 2035 1683 legitimi
2056 1651 2194 1686 recipiant
2216 1660 2249 1677 ea

1283 1701 1378 1727 omnia
1394 1701 1427 1726 ab
1444 1701 1566 1726 ecclesia
1584 1700 1713 1726 Romana
1730 1700 1755 1726 in
1773 1700 1878 1734 quibus
1895 1700 1961 1726 mibi
1981 1700 2154 1732 suecedent,
2171 1704 2198 1727 et
2213 1700 2248 1726 ab

1284 1752 1345 1785 ipsa
1369 1754 1592 1781 recognoscant,
1610 1754 1638 1775 et
1655 1758 1704 1783 pro
1722 1750 1782 1783 ipsa
1799 1753 1914 1775 teneant
1929 1752 1958 1775 et
1974 1749 2149 1784 possideant.
2166 1748 2248 1781 Quod

1284 1800 1307 1825 si
1332 1799 1436 1824 mortni
1458 1798 1562 1824 snei-int
1583 1798 1645 1824 sine
1667 1798 1803 1831 legitimis
1823 1798 1904 1830 filiis,
1929 1798 2054 1832 predicta
2072 1799 2167 1824 omnia
2187 1797 2249 1824 sine

1284 1848 1472 1874 diminutione
1488 1848 1582 1881 aliqua
1598 1847 1630 1872 all
1646 1847 1804 1873 Romanam
1822 1846 1972 1873 ecclesiam
1988 1850 2176 1873 revertantur.

1320 1898 1424 1923 Actum
1443 1897 1469 1922 in
1490 1896 1591 1930 palatio
1615 1897 1692 1929 regni
1709 1896 1853 1922 Turritani
1869 1895 1903 1921 de
1921 1895 2044 1926 Ardera,
2060 1903 2155 1921 coram
2176 1895 2249 1922 sub-

1283 1946 1399 1972 scribtis
1424 1946 1562 1975 testibus,
1589 1945 1722 1971 videlicet
1747 1944 1897 1971 domino...
1919 1944 2020 1970 abbate
2044 1944 2078 1969 ‹le
2105 1943 2248 1977 Falesia,..

1282 1995 1382 2021 abbate
1405 1994 1439 2020 de
1463 1993 1605 2026 Saccaria,
1632 1993 1716 2019 fratre
1731 1992 1854 2019 Orlando
1876 1993 2015 2019 monacho
2041 1992 2074 2018 de
2098 1992 2248 2024 Saecaria,

1283 2043 1440 2069 Benedicto
1464 2043 1569 2068 clerico
1595 2042 1629 2068 de
1654 2043 1768 2070 Alatro.
1794 2042 1930 2076 magistro
1956 2040 2122 2067 Benencasa
2145 2041 2249 2067 clerico

1282 2092 1351 2118 dicti
1374 2091 1481 2118 domini
1507 2092 1611 2125 legati,
1635 2091 1798 2117 Onsredone
1820 2091 1958 2117 familiare
1982 2090 2089 2116 domini
2113 2090 2249 2124 Raynerii

1283 2141 1445 2172 cardinalis,
1459 2140 1603 2166 nobilibus
1620 2140 1689 2166 viris
1704 2139 1819 2166 domino
1834 2139 1985 2170 Monaclio,
2002 2139 2117 2165 domino
2134 2138 2250 2165 Bartho—

1283 2190 1375 2215 lomeo
1388 2189 1608 2215 vicecomitibus
1623 2188 1746 2221 Pisanis,
1760 2187 1874 2214 domino
1887 2188 1998 2221 Albizo,
2015 2187 2130 2213 domino
2141 2187 2247 2220 Truffa,

1282 2242 1310 2265 et
1326 2238 1456 2273 pluribus
1473 2238 1547 2265 ains.

1317 2287 1378 2322 Ego
1392 2287 1564 2321 Gregorius,
1582 2291 1768 2313 sacrosancte
1784 2286 1914 2312 Romane
1929 2285 2052 2312 ecclesie
2069 2285 2248 2316 scriniarius,

1282 2337 1338 2362 hiis
1354 2336 1488 2363 omnibus
1504 2336 1631 2368 interfui,
1648 2340 1676 2362 et
1692 2336 1746 2361 boc
1761 2336 1985 2361 instrumentum
2002 2335 2105 2361 scribsi
2124 2339 2152 2360 et
2166 2341 2249 2360 eom-

1282 2385 1356 2419 plevi
1374 2393 1493 2418 meoque
1514 2385 1598 2419 signo
1618 2384 1731 2418 signavi
1748 2388 1776 2409 et
1798 2383 1824 2409 in
1845 2382 1985 2417 publicam
2002 2382 2120 2408 formam
2138 2381 2247 2416 redegi.

1317 2433 1350 2459 Et
1366 2441 1420 2467 ego
1436 2432 1572 2459 Nicolaus
1590 2431 1761 2458 Ferentinus
1778 2434 1877 2457 sancte
1892 2430 2020 2457 Romane
2036 2430 2157 2456 ecclesie
2173 2430 2249 2456 scri—

1281 2482 1399 2513 niarius,
1417 2482 1470 2507 hoc
1488 2482 1722 2511 instrumentum,
1737 2481 1813 2506 sicut
1829 2479 1926 2505 inveni
1943 2479 1970 2505 in
1989 2478 2117 2514 predicto
2134 2478 2248 2513 publico

1280 2531 1488 2562 instrumento,
1507 2530 1544 2556 nil
1564 2529 1674 2555 addens
1692 2529 1734 2555 vel
1750 2530 1885 2555 minuens
1902 2528 1943 2554 vel
1961 2531 2093 2559 mutans,
2110 2527 2145 2553 de
2161 2527 2248 2554 verbo

1281 2579 1316 2606 ad
1337 2580 1453 2605 verbum
1467 2601 1471 2609 ,
1488 2579 1636 2605 actoritate
1660 2577 1737 2604 sedis
1757 2577 1915 2612 apostolice
1931 2576 2091 2611 exemplavi
2107 2581 2135 2602 et
2150 2576 2178 2602 in
2196 2584 2248 2611 pu-

1280 2628 1382 2654 blicam
1400 2627 1518 2654 formam
1535 2627 1639 2653 scribsi
1656 2630 1685 2653 et
1700 2627 1816 2661 signum
1835 2626 1899 2652 feci.

1282 2823 1305 2850 i.
1325 2822 1446 2856 Ardera,
1462 2822 1495 2849 ‘29
1512 2831 1587 2848 mars
1608 2821 1684 2849 1235.
1699 2835 1736 2841 —
1755 2821 1903 2853 Muratori‚
1919 2821 1996 2854 Ant„
2012 2824 2031 2846 t.
2054 2819 2106 2851 VI,
2125 2828 2151 2854 p.
2169 2819 2196 2847 9.
2213 2833 2247 2840 —-

1244 2871 1283 2898 La
1313 2872 1391 2897 reine
1421 2870 1557 2896 Adelasia
1586 2869 1680 2896 donne
1709 2878 1745 2896 au
1774 2867 1973 2902 Saint-Siege,
2003 2870 2167 2902 represente
2198 2876 2248 2903 par

1244 2920 1421 2951 Alexandr-e,
1439 2920 1586 2954 chapelain
1607 2924 1635 2945 et
1657 2920 1731 2953 legat
1751 2918 1785 2945 de
1802 2918 1941 2952 Gregoire
1956 2916 2013 2950 IX,
2029 2925 2061 2944 sa
2079 2917 2246 2951 judicature

1244 2969 1279 2995 de
1294 2969 1409 2996 Torres.
