2392 3571
165 319 221 349 594
708 318 758 347 LE
783 318 926 348 LIBER
947 316 1180 348 CENSUUM
1204 317 1258 346 DE
1281 308 1467 347 L’F'JGLISE
1490 317 1700 347 ROMAINE.

203 386 307 411 domini
324 394 393 419 pape
410 385 482 411 sacto
495 385 576 411 nobis
589 385 704 411 oraculo
718 386 782 411 vive
796 385 886 415 vocis.
902 385 993 411 taliter
1009 384 1164 411 diffinimus

202 443 234 460 ac
250 434 333 460 etiam
358 434 535 459 declaramus
557 437 586 459 ut
608 442 694 468 supra
710 434 896 468 exprimitur,
914 434 1081 460 mandantes
1100 441 1164 468 per-

204 488 288 517 petuo
305 484 330 508 iu
347 483 474 509 futurum
490 491 538 516 per
553 482 695 516 predictos
711 483 912 518 mappularios.
928 483 1124 509 adextratores
1137 486 1165 508 et

202 532 361 558 servientes
378 531 575 557 inviolabiliter
590 531 748 559 observari.

239 580 271 606 Et
289 588 341 614 ego
357 579 484 606 Jacobus
501 579 597 605 Pisani
613 580 647 605 de
665 580 808 613 viterbio,
825 581 982 615 apostolica
997 582 1165 607 auctoritate

203 635 230 655 et
247 638 322 656 nunc
338 637 448 656 camere
465 629 571 655 domini
589 638 659 664 pape
677 630 805 656 notarius
816 651 822 661 ,
840 630 989 664 prelationi
1003 630 1077 657 dicte
1093 630 1166 657 diffi-

206 679 321 705 nitionis
337 686 369 704 ac
389 677 589 704 declarationis
613 683 641 704 ut
657 686 745 713 supra
761 678 864 712 legitur
881 687 930 713 per
946 679 1053 705 dictum
1075 679 1166 706 domi-

203 736 269 753 num
287 728 472 753 camerarium
489 727 667 761 promulgate
683 735 802 762 presens
818 727 858 753 sui
869 731 898 753 et
908 735 968 754 eam
985 727 1019 753 de
1035 727 1166 754 mandato

203 776 294 810 ipsius
310 775 415 801 domini
432 776 580 801 camerarii
597 775 718 802 fideliter
733 775 836 810 scripsi
853 780 880 802 et
896 779 1000 802 cetera.

171 928 336 962 [CCCLIXJ.
350 943 381 947 ——
390 928 483 955 'Pi-:son
495 937 690 955 Pnocunnonn
701 938 770 956 Μιεει
783 938 884 956 nomino
896 929 1019 958 Nicomo
1031 940 1098 957 1³an
1110 931 1167 957 1111

201 986 249 1003 pen
268 977 417 1004 Amousun
433 985 523 1004 fimum
540 986 668 1007 Quounm
685 977 768 1005 Parni
785 987 862 1005 neeis
879 979 1034 1006 Antoonuu
1047 981 1065 1005 ¹.

237 1078 269 1104 In
286 1078 399 1104 nomine
416 1078 547 1111 Domini,
564 1087 656 1106 amen.
672 1079 879 1106 sanctissimus
895 1084 973 1115 pater
992 1085 1018 1106 et
1034 1081 1167 1108 dominus

202 1127 336 1153 dominus
348 1126 482 1153 Nicolaus
494 1127 588 1153 divina
601 1127 777 1162 providentia
790 1137 863 1162 papa
875 1128 931 1154 IIlI
943 1129 1086 1156 mandavit
1099 1130 1168 1156 mihi

201 1175 310 1202 Jacobo
328 1175 424 1202 Pisani
443 1176 478 1201 de
498 1175 628 1203 Viterbio
644 1185 755 1203 camere
770 1186 822 1203 sue
845 1178 952 1204 notario
968 1180 1082 1205 oraculo
1103 1180 1167 1206 vive

204 1225 282 1250 vocis
302 1224 378 1259 quod
393 1225 420 1250 in
435 1224 506 1251 actis
523 1225 614 1259 ipsius
633 1233 745 1251 camere
761 1226 916 1252 scriberem
931 1235 964 1253 ac
980 1227 1007 1252 in
1025 1227 1167 1261 publicam

203 1273 320 1299 sormam
346 1272 502 1306 redigerem
527 1278 654 1299 tenorem
677 1273 830 1308 cujusdam
852 1275 1038 1308 procuratorii
1059 1276 1166 1310 publici

203 1322 297 1355 sigillo
314 1322 392 1355 regio
408 1322 524 1356 sigillati
541 1322 644 1348 nobilis
661 1322 712 1348 viri
729 1322 842 1349 Alsonsi
860 1323 907 1349 filii
930 1324 1072 1358 quondam
1092 1324 1167 1350 Petri

200 1371 307 1397 dudum
326 1371 402 1404 regis
418 1371 601 1405 Arngonum,
623 1371 721 1397 volens
741 1380 774 1397 ac
797 1371 958 1398 decernens
978 1373 1052 1398 idem
1075 1373 1168 1399 domi-

202 1427 255 1446 uus
272 1428 341 1454 pipa
363 1419 437 1453 quod
463 1420 627 1453 hujusmodi
655 1424 865 1454 transumptum
889 1428 974 1446 manu
997 1429 1057 1447 mea
1081 1429 1167 1447 cous-

201 1469 324 1502 criptum
348 1468 466 1493 eandem
483 1476 538 1493 vim
560 1473 587 1493 et
604 1469 801 1494 auctoritatem
819 1468 945 1495 obtineat
966 1478 997 1495 ac
1015 1470 1038 1495 si
1059 1470 1166 1495 dictum

202 1517 355 1551 principale
373 1517 598 1550 procuratorium
619 1521 779 1550 appareret.
803 1516 895 1551 Cujus
917 1519 1104 1552 procuratorii
1127 1522 1168 1544 te—

204 1574 254 1591 nor
271 1566 332 1592 talis
349 1570 391 1591 est
407 1577 412 1591 :

238 1614 376 1640 Noverint
393 1616 517 1640 universi
534 1615 608 1648 quod
627 1616 653 1641 in
676 1615 821 1648 presentia
842 1616 895 1641 mvi
922 1615 995 1642 Petri
1013 1616 1098 1642 Marci
1117 1625 1167 1642 no-

202 1664 262 1689 tarii
295 1663 399 1697 publici
432 1662 673 1690 Barchinonensis
706 1668 734 1689 et
769 1665 885 1690 testium
920 1665 1168 1698 infrascriptorum

202 1713 372 1746 magnificus
390 1713 522 1746 princeps
538 1712 672 1739 dominus
695 1713 835 1739 Alfonsus
853 1713 904 1739 Dei
921 1714 1011 1744 ‘gratia
1029 1722 1077 1739 rex
1095 1714 1168 1740 Ara-

203 1770 326 1793 gonnm,
346 1761 546 1795 Majoricarum
563 1765 591 1787 et
611 1761 737 1788 Valentie
759 1770 791 1787 ac
810 1770 907 1788 comes
925 1761 1168 1789 Barcliinonensis

203 1811 353 1836 constituit
369 1815 395 1835 et
413 1810 551 1835 ordinavit
568 1818 638 1836 suos
656 1815 856 1844 procuratores
874 1816 1021 1845 presentes
1038 1816 1065 1837 et
1083 1812 1128 1845 liuj
1137 1820 1169 1838 us

205 1859 413 1893 procurationis
435 1867 508 1884 onus
530 1860 556 1884 iu
580 1867 610 1884 se
632 1864 733 1893 sponte
759 1860 952 1894 suscipientes
978 1861 1167 1886 venerabilem

203 1913 310 1942 patrem
323 1907 469 1933 dominum
486 1907 616 1941 Ugonem
633 1907 684 1934 Dei
697 1909 787 1942 gratia
799 1907 1081 1941 Cesar-augustanum
1098 1910 1170 1944 epis—

204 1965 322 1990 copum,
350 1957 470 1982 nobilem
494 1956 585 1982 virum
613 1957 759 1982 dominum
787 1956 993 1990 Berengarium
1020 1958 1054 1983 de
1083 1957 1169 1984 Podio

206 2005 306 2034 Vin-idi,
323 2013 355 2031 ac
373 2005 536 2038 religiosum
556 2006 646 2031 virum
668 2005 798 2031 Pontium
815 2006 991 2040 prepositum
1012 2006 1168 2033 Celsonen-

204 2063 264 2080 sem
279 2055 477 2080 cancellarium
489 2063 584 2084 suum,
596 2055 629 2080 ad
642 2054 864 2088 comparendum
879 2064 973 2081 coram
986 2056 1169 2082 sanctissimo

206 2110 283 2137 pau-e
303 2112 334 2129 ac
357 2103 470 2128 domiuo
494 2103 608 2128 domino
627 2102 743 2129 Nicolao
759 2103 854 2129 divina
871 2104 1048 2137 providentia
1070 2112 1170 2130 sacro-

205 2157 304 2178 sancte
322 2151 448 2177 Romnne
465 2152 586 2177 ecclesie
604 2160 717 2177 summo
734 2152 868 2185 pontifice
885 2156 912 2178 et
935 2153 1101 2179 reverendis
1121 2162 1170 2187 pa-

206 2201 296 2226 tribus
308 2199 431 2226 dominis
442 2200 636 2225 cardinalibus
649 2199 778 2233 ejusdem
796 2201 918 2226 ecclesie
932 2202 1046 2227 nomine
1058 2210 1091 2227 ac
1106 2202 1169 2228 vice

207 2250 304 2283 prefati
321 2249 425 2275 domini
440 2251 514 2282 regis
527 2249 706 2282 Aragouum,
721 2253 748 2275 et
764 2249 796 2274 ad
810 2250 962 2283 petendum
976 2250 1107 2284 ejusdem
1125 2259 1169 2276 no-

208 2300 281 2324 mine
297 2299 330 2323 nl)
347 2298 454 2323 eisdem
471 2298 602 2331 gratiam,
621 2299 731 2324 veniam
748 2302 775 2324 et
792 2299 1017 2325 misericordiam
1034 2303 1061 2325 et
1074 2299 1107 2325 ad
1120 2301 1169 2333 ju-

206 2347 323 2373 randum
342 2348 455 2372 nomine
472 2348 563 2381 ipsius
579 2350 607 2372 et
624 2347 650 2372 in
664 2347 786 2372 animam
799 2347 928 2380 ejusdem
941 2351 1017 2373 stare
1029 2347 1170 2374 mandatis

206 2395 333 2422 Ecclesic
349 2400 376 2420 et
392 2394 425 2420 ad
443 2394 604 2429 ponendum
626 2403 777 2429 personam
799 2403 898 2427 suam,
922 2404 1009 2430 regua
1028 2400 1056 2422 et
1079 2400 1169 2423 terras

206 2454 256 2471 sua
272 2449 299 2470 et
320 2453 419 2470 omnes
439 2444 570 2471 subditos
588 2453 658 2471 suos
680 2444 714 2470 ad
737 2445 829 2479 ipsius
850 2445 957 2471 domini
974 2454 1044 2480 pape
1060 2449 1087 2472 et
1103 2454 1168 2472 suc-

205 2502 352 2519 cessorum
369 2493 498 2527 ejusdcm
515 2493 726 2528 beneplacitum
744 2494 897 2520 voluntatis
913 2498 941 2520 et
956 2494 990 2520 ad
1006 2495 1100 2520 omnia
1117 2495 1170 2521 alia

205 2547 232 2568 et
249 2542 360 2575 singula
382 2542 611 2576 preponendum,
630 2542 782 2577 petendum
800 2546 827 2569 et
845 2543 1006 2569 faciendum
1025 2552 1080 2577 que
1103 2551 1169 2578 pos-

205 2596 271 2616 sunt
288 2591 379 2616 sacere
397 2595 597 2624 procuratores
618 2591 652 2616 ad
677 2592 729 2617 hoc
749 2591 875 2625 legitime
893 2592 1042 2618 constituti
1063 2596 1091 2618 et
1113 2600 1170 2626 que

211 2772 231 2796 l.
254 2770 378 2803 vitei-be,
400 2772 428 2797 15
445 2772 511 2797 aout
531 2771 605 2798 1291.
621 2786 653 2790 —
670 2771 916 2806 Euregistrement
931 2772 1015 2799 d’une
1033 2782 1169 2807 procura—

174 2820 231 2845 tion
249 2820 356 2845 doune't¹
379 2828 426 2854 par
443 2821 467 2845 le
488 2821 528 2845 roi
554 2821 702 2855 Alphonse
718 2821 874 2854 d'Aragon.
893 2830 941 2856 par
956 2821 1060 2848 devant
1077 2822 1101 2848 le
1118 2830 1169 2848 no—

173 2869 242 2894 taire
261 2869 355 2895 Pierro
372 2867 457 2897 Mare,
476 2868 509 2894 de
528 2868 692 2899 Bai-celone,
709 2871 723 2895 a
741 2869 868 2904 l'eveque
884 2870 918 2895 de
935 2870 1095 2903 San-agosse
1111 2875 1138 2897 et
1155 2873 1169 2897 a

173 2916 246 2942 deux
267 2921 363 2942 autres
389 2925 544 2950 personnes
568 2926 637 2951 pour
662 2919 685 2943 le
709 2920 889 2953 representet·
910 2920 1014 2953 aupres
1030 2919 1066 2945 du
1087 2927 1167 2954 pape.

174 2964 211 2990 La
228 2964 406 2998 procuration
423 2969 466 2989 est
481 2965 516 2990 du
535 2965 548 2991 ’Ξ
566 2967 634 2991 avril
654 2966 729 2993 1291.

1282 388 1379 417 posset
1396 383 1488 410 faeere
1509 383 1582 410 idem
1603 383 1737 410 dominus
1758 392 1806 410 rex
1824 384 1990 418 Aragonum
2013 385 2036 410 si
2058 384 2245 419 personaliter

1282 440 1402 466 presens
1417 436 1511 463 esset;
1529 432 1699 467 promittens
1715 432 1789 459 idem
1807 432 1942 459 dominus
1959 433 2098 459 Alfonsus
2115 441 2162 459 rex
2180 441 2244 467 pre-

1281 480 1376 507 dictus
1395 489 1442 516 per
1458 481 1567 508 firmam
1584 486 1612 507 et
1631 482 1817 517 sollempnem
1837 481 2052 517 stipulationem
2069 482 2123 509 sub
2137 482 2246 516 obliga-

1282 531 1358 556 tione
1380 535 1406 556 et
1426 530 1568 565 ypotheca
1588 531 1716 557 omnium
1740 530 1879 557 bonorum
1902 539 2020 557 suorum
2045 531 2112 557 mihi
2137 531 2246 557 notario

1282 578 1474 613 infrascripto,
1491 579 1639 613 stipulanti
1656 579 1718 606 vice
1733 583 1761 605 et
1777 578 1891 606 nomine
1907 580 2100 615 predictorum
2117 579 2246 607 domino—

1283 637 1345 654 rum
1363 629 1468 654 summi
1485 628 1628 663 pontificis
1643 633 1671 654 et
1685 628 1870 655 cardinalium
1890 633 1917 655 et
1938 629 2058 655 aliorum
2075 630 2159 656 etiam
2176 637 2247 663 quo-

1285 685 1346 703 rum
1363 678 1483 703 interest
1503 682 1530 703 et
1550 677 1691 704 interesse
1708 681 1817 712 potest,
1839 681 1930 704 ratum
1954 681 1982 704 et
2006 677 2118 704 firmum
2141 678 2245 704 habere

1284 730 1423 760 perpetuo
1445 726 1581 760 quicquid
1605 734 1655 760 per
1671 727 1795 761 prefatos
1816 730 1875 752 tres
1894 730 2095 761 procuratores
2112 726 2154 752 vel
2173 726 2246 753 duos

1284 774 1317 800 de
1340 774 1412 808 ipsis
1435 774 1609 809 supradictis
1625 775 1743 808 dictum,
1762 776 1939 809 propositum
1959 778 1987 801 et
2007 779 2102 801 actum
2119 775 2204 801 fuerit
2220 778 2249 801 et

1286 831 1430 857 nunquam
1444 823 1642 849 contravenire
1657 823 1751 858 aliqua
1767 824 1884 851 ratione.
1904 824 2010 850 Actum
2027 828 2071 850 est
2083 824 2136 850 hoc
2147 828 2247 858 quarto

1285 880 1350 898 nou.
1368 871 1477 906 aprilis,
1494 880 1568 898 antio
1586 871 1701 898 Domini
1718 871 1966 898 MCOLXXXXI.

1320 919 1441 954 Signum
1458 922 1476 954 †
1492 921 1604 947 Alfousi
1623 920 1675 947 Dei
1696 922 1787 955 gratia
1802 921 1880 954 regis
1902 922 2079 956 Aragonurn,
2097 922 2247 956 Maj0rica-

1284 977 1346 995 rum
1363 974 1392 996 et
1404 968 1533 995 Valentie
1549 978 1582 996 ac
1597 970 1711 996 comitis
1728 969 1982 1004 Bai-chinonensis,
1994 971 2043 1004 qui
2059 971 2112 997 hec
2127 970 2250 998 firmavit

1286 1020 1313 1044 in
1329 1026 1414 1044 mauu
1433 1019 1485 1044 mei
1502 1018 1568 1044 dicti
1587 1017 1663 1044 Petri
1682 1017 1766 1044 Marci
1784 1018 1883 1044 notarii
1899 1017 2154 1046 Barchinoncnsis.
2175 1018 2249 1046 Tes-

1285 1071 1328 1093 tes
1358 1067 1446 1101 hujus
1476 1068 1515 1092 rei
1540 1070 1607 1093 sunt
1636 1079 1639 1092 :
1668 1067 1770 1093 nobilis
1796 1066 1987 1101 Raymundus
2011 1067 2127 1100 Roget-ii
2152 1075 2250 1094 comes

1285 1115 1503 1151 Payllariensis,
1532 1116 1635 1142 nobilis
1662 1115 1853 1151 Rnymundus
1879 1116 1913 1142 de
1937 1116 2095 1150 Angularia
2115 1122 2143 1143 et
2168 1116 2250 1144 Petin

1286 1165 1438 1191 Marchesii
1465 1166 1593 1191 notarius
1615 1165 1683 1191 dicti
1703 1165 1810 1192 domini
1836 1166 1922 1199 regis.
1948 1165 2070 1199 Signum
2094 1166 2148 1192 mei
2174 1165 2251 1193 Petri

1285 1213 1373 1240 Marci
1390 1214 1490 1240 notarii
1503 1214 1608 1248 publici
1627 1213 1868 1240 Bai-chinonensis
1881 1214 1929 1248 qui
1944 1214 2080 1248 predictis
2096 1215 2211 1241 interfui
2224 1218 2252 1242 et

1285 1262 1337 1289 hec
1354 1263 1458 1297 scripsi
1475 1267 1503 1289 et
1518 1263 1607 1289 clausi
1625 1263 1669 1289 die
1686 1267 1714 1289 et
1728 1271 1802 1289 anno
1823 1271 1880 1297 quo
1902 1271 1999 1298 supra.
2021 1263 2052 1290 Iu
2073 1264 2167 1298 sigillo
2185 1272 2251 1291 vero

1285 1319 1368 1337 cereo
1391 1311 1522 1346 apposito
1543 1311 1618 1337 dicto
1642 1312 1838 1345 procuratorio
1858 1316 1939 1338 erant
1964 1312 2058 1339 littere
2080 1313 2192 1347 sculpte
2216 1321 2252 1339 ex

1288 1364 1407 1393 utraque
1423 1364 1499 1393 parte
1520 1360 1574 1385 hoc
1594 1359 1677 1386 modo
1697 1371 1700 1385 :
1720 1359 1851 1394 Sigillum
1869 1360 1980 1387 Alfonsi
2002 1361 2051 1386 Dei
2068 1362 2158 1396 gratia
2174 1363 2252 1396 regis

1286 1408 1468 1441 Aragonum,
1496 1407 1695 1441 Majoricarum
1723 1413 1751 1435 et
1778 1408 1907 1436 Valentie
1933 1418 1966 1436 ac
1989 1411 2104 1436 comitis
2130 1410 2251 1437 Barchi-

1287 1457 1382 1483 nonie.

1322 1505 1355 1531 Et
1372 1514 1425 1539 ego
1440 1505 1568 1532 Jacobus
1587 1505 1682 1532 Pisani
1703 1508 1736 1532 de
1760 1506 1889 1533 Viterbio
1912 1508 2068 1542 apostolica
2084 1509 2252 1535 auctoritate

1286 1559 1313 1580 et
1340 1562 1415 1580 nunc
1439 1562 1552 1580 camere
1575 1554 1683 1581 domini
1710 1564 1780 1589 pape
1807 1556 1936 1582 notarius
1963 1556 2121 1591 predictum
2145 1557 2252 1584 instru-

1289 1607 1414 1629 mentum
1441 1604 1651 1637 procurationis
1673 1603 1708 1629 de
1732 1603 1863 1630 mandato
1886 1608 1916 1631 ut
1941 1605 2098 1639 predicitur
2121 1606 2251 1640 ejusdem

1287 1652 1395 1678 domini
1414 1660 1484 1686 pape
1500 1652 1621 1678 fideliter
1637 1653 1806 1687 transcripsi
1824 1656 1852 1679 et
1866 1653 2004 1680 ascultavi
2021 1655 2074 1680 sub
2090 1663 2165 1681 anuo
2181 1655 2254 1682 nati-

1286 1702 1383 1727 vitatis
1400 1701 1542 1727 dominice
1560 1700 1813 1732 MCCLXXXXI,
1831 1702 1984 1729 indictione
2000 1703 2067 1736 1111,
2087 1712 2183 1730 mense
2199 1713 2252 1731 au-

1287 1754 1372 1783 gusto
1389 1749 1432 1776 die
1450 1750 1517 1780 XV,
1537 1751 1719 1785 pontificatus
1743 1751 1843 1785 prefati
1860 1751 1966 1778 domini
1984 1752 2092 1779 Nicolai
2111 1762 2180 1787 pape
2197 1752 2253 1780 1111

1287 1807 1360 1824 anuo
1377 1804 1487 1833 quarto,

1256 1953 1407 1987 {CCCLX].
1431 1970 1460 1973 -—
1483 1954 1618 1981 SYNDleth·
1636 1963 1838 1981 uuivensin‘ris
1860 1964 1890 1981 ET
1910 1963 2027 1982 HOMlNSS
2047 1965 2139 1997 cns-giu
2162 1956 2254 1983 Roccs

1287 2002 1433 2030 CONTRATE
1447 2003 1662 2030 SENOGAMENSlS
1679 2012 1797 2030 moces¹s
1815 2005 2023 2038 ΡιῑοΜηττυῙΝτΙ
2040 2013 2176 2031 Anxuri-rm
2190 2013 2254 2032 sou-

1288 2060 1357 2077 vsne
1374 2060 1497 2077 semesis
1515 2051 1633 2078 Romam-2
1648 2060 1719 2078 cxxx
1737 2060 1830 2078 manas
1849 2052 2074 2079 &memnonem
2092 2061 2124 2080 υτ
2142 2061 2175 2079 ax
2188 2061 2254 2080 cou-

1288 2108 1415 2127 CE5510NE
1432 2109 1524 2126 nomm
1541 2109 1607 2126 pars
1624 2109 1733 2127 possum·
1748 2109 1862 2127 ELlGffltE
1880 2110 1911 2127 Βτ
1927 2110 2065 2128 assument:
2080 2110 2253 2128 porse-‘rnen

1290 2157 1321 2174 ET
1339 2157 1416 2175 ,mos
1432 2157 1585 2175 ememtes
1603 2158 1652 2176 rixo
1668 2157 1783 2176 conums
1800 2157 1916 2176 nmmum*
1935 2158 2111 2177 exeucssnun
2121 2151 2139 2176 2.

1324 2250 1354 2276 ln
1385 2252 1497 2277 nomine
1529 2251 1660 2283 Domini,
1692 2259 1785 2277 amen.
1814 2252 1899 2277 Anno
1927 2251 2082 2278 nativitatis
2112 2252 2254 2279 dominice

1290 2299 1551 2330 MCCLXXXXIo,
1577 2300 1731 2326 indictione
1752 2300 1822 2331 1111,
1844 2308 1944 2327 mense
1961 2301 2037 2335 junii
2061 2301 2105 2327 die
2126 2300 2254 2332 XVIIII,

1289 2349 1475 2383 pontificatus
1493 2349 1599 2375 domini
1621 2349 1730 2375 Nicolai
1754 2358 1824 2384 pape
1845 2349 1902 2375 1111
1923 2357 1996 2375 anno
2012 2354 2123 2384 quarto.
2140 2349 2171 2376 In
2191 2358 2255 2385 pre-

1288 2398 1381 2423 sentia
1410 2399 1465 2424 mei
1502 2398 1601 2424 notarii
1632 2402 1659 2424 et
1687 2398 1803 2424 testium
1835 2398 2064 2431 subscriptorum
2094 2398 2255 2425 Riccuntus

1289 2445 1395 2472 Zannis
1427 2447 1556 2473 sindicus
1590 2451 1618 2473 et
1649 2451 1816 2481 procurator
1844 2447 1976 2473 comunis
2000 2451 2027 2473 et
2059 2447 2255 2474 universitatis

1289 2495 1436 2521 hominum
1453 2495 1538 2522 castri
1556 2495 1651 2522 Rocce
1667 2495 1802 2522 Contrate
1821 2495 2037 2530 Seuogaliensis
2051 2495 2186 2529 diocesis,
2204 2497 2256 2523 ha-

1289 2544 1361 2570 bens
1376 2544 1410 2570 ab
1427 2544 1468 2570 eis
1486 2544 1600 2579 plenum
1617 2549 1645 2571 et
1666 2545 1789 2579 speciale
1807 2545 1970 2571 mandatum
1990 2544 2024 2571 ad
2048 2545 2211 2572 faciendum
2228 2550 2257 2572 et

1287 2593 1488 2628 complendum
1509 2595 1604 2620 omnia
1625 2594 1820 2629 infrascripta,
1844 2597 1927 2628 prout
1948 2597 2061 2620 constat
2083 2594 2196 2628 publico
2211 2594 2256 2620 in-

1292 2776 1312 2801 l.
1332 2775 1393 2801 eod.
1414 2776 1575 2809 promitent.

1287 2823 1313 2850 2.
1332 2823 1459 2858 Orrieto,
1480 2823 1508 2851 19
1521 2824 1585 2856 juin
1607 2824 1680 2851 1591.
1696 2838 1729 2844 —-
1742 2822 1784 2850 Cf.
1803 2823 1940 2854 Theiuer,
1960 2830 1990 2850 n⁰
2005 2824 2066 2851 482.
2083 2838 2118 2844 —
2139 2823 2175 2849 Le
2190 2832 2255 2858 pro-

1252 2872 1475 2906 cureur-syndic
1491 2872 1525 2898 de
1543 2873 1566 2898 la
1583 2881 1735 2899 commune
1750 2872 1784 2898 de
1802 2872 1899 2899 Rocca
1915 2872 2071 2902 Contrada‚
2089 2872 2204 2898 diocese
2221 2872 2256 2898 de

1253 2919 1424 2954 Sinigaglia,
1453 2921 1556 2955 reeoit,
1580 2925 1752 2955 moyennaut
1777 2929 1831 2947 unc
1855 2920 2011 2947 redevancc
2028 2921 2062 2946 <le
2087 2920 2136 2947 130
2154 2921 2253 2951 livres,

1252 2967 1473 2999 l'autorisation,
1491 2977 1564 3004 pour
1580 2979 1610 2995 sa
1626 2978 1788 3000 commune,
1806 2970 1901 2996 d¹elire
1918 2969 1968 2995 des
1985 2970 2159 3003 magistrats.
