2392 3571
143 338 199 366 55¹«

181 401 248 426 Rom
267 403 310 423 est
325 398 358 422 de
370 396 459 421 curia.
478 395 546 419 Item
562 393 632 418 dixit
648 391 722 425 quod
736 391 847 416 Torolla
859 393 886 416 et
898 389 1039 416 Amillalla
1053 395 1144 422 usque

180 448 211 473 ad
229 447 346 477 Logium
365 449 392 469 et
407 443 498 469 tendit
515 440 652 474 usquead
671 439 798 473 podiolos
816 438 935 472 partitos
952 442 979 463 et
995 436 1144 462 Cei-retum

180 496 233 521 Gifi
246 498 289 519 est
301 493 333 517 de
345 492 423 517 curia
437 499 485 525 pro
501 489 692 515 Pezzinventre
706 492 733 513 et
748 489 806 521 [est]
820 490 825 506 ¹
841 486 973 513 defendo
986 487 1060 519 ejuS.
1074 484 1143 510 Item

180 543 250 569 (lixit
266 541 339 575 quod
358 541 383 565 in
398 539 525 564 Vei-sure
543 541 587 562 est
603 545 734 570 campum
755 536 905 569 presbiteri
923 534 1042 559 ltolandi
1059 541 1144 567 quem

182 592 264 617 habet
282 590 390 615 Seno-<0
407 588 454 621 qui
471 591 513 612 est
530 586 564 611 de
581 587 670 611 curia.
689 585 759 610 Item
776 584 868 618 campi
885 592 959 617 quos
975 582 1082 608 habent
1097 582 1145 607 filii

182 640 359 672 Bonegrnsse
380 637 407 661 in
427 635 564 661 Versnris
585 638 612 659 et
635 635 660 659 in
684 633 857 659 Fontanellis
877 640 964 666 super
985 635 1101 657 stratam
1119 633 1146 656 et

181 689 302 717 inferius
318 688 344 712 in
364 686 436 711 Rota
452 688 520 710 sunt
535 684 569 709 de
586 683 665 708 curia
682 691 730 716 pro
748 681 878 707 Rolando
894 681 973 707 Neri.
988 680 1057 706 Item
1075 680 1147 705 dixit

179 737 254 772 quod
281 742 400 769 campus
425 734 458 758 de
483 731 612 757 Fontana
637 730 697 756 poli
720 738 804 764 quem
829 729 913 755 habet
939 729 1048 754 Senese
1074 729 1147 753 inter

181 786 317 811 Sanctum
336 782 488 808 Martinum
514 784 541 805 et
562 779 716 805 Bonfilium
739 781 783 804 est
806 778 840 803 de
860 778 939 803 curia
958 785 1006 811 pro
1024 776 1145 809 Rampo.

181 834 252 860 Item
270 832 339 857 dixit
355 830 430 864 quod
448 828 654 861 Acceptorium
669 828 754 860 juxta
771 825 883 851 Paleam
900 826 973 851 inter
985 824 1146 851 Guidonem

181 881 291 907 Monzici
308 884 335 906 et
350 879 552 905 Cruaconnuin
569 879 637 902 sunt
654 875 732 901 rodia
747 875 781 900 de
797 876 887 901 curia.
901 873 971 900 Item
984 874 1055 899 dixit
1072 873 1146 907 quod

180 931 233 957 alia
255 929 332 954 rodia
355 928 389 953 de
412 934 518 952 corona
540 925 680 953 Ribeieri,
703 927 730 949 et
752 923 879 948 rodinum
901 922 1012 948 Carinci
1029 925 1057 947 et
1074 921 1148 948 Gui-

180 977 306 1007 lielmini,
325 980 352 1001 et
368 979 459 1001 totum
475 973 551 999 aliud
564 972 598 998 de
611 972 735 998 Escletis
751 975 820 997 sunt
834 971 868 996 de
885 971 973 996 curia.
990 969 1060 995 Item
1079 969 1149 995 dixit

180 1026 254 1061 quod
273 1025 300 1051 in
318 1022 501 1056 Santagnella
516 1025 561 1047 est
583 1029 648 1055 pars
672 1019 748 1046 feudi
767 1018 925 1045 Boccasevi
948 1018 1022 1052 quod
1046 1021 1091 1043 est
1115 1017 1149 1043 de

180 1075 271 1101 curia.
288 1072 359 1098 Item
381 1071 453 1096 dixit
477 1069 553 1103 quod
574 1076 694 1103 campus
714 1076 798 1100 quem
817 1067 922 1092 liabent
938 1066 986 1092 filii
1003 1065 1149 1092 Machalde

180 1123 208 1149 in
224 1122 295 1148 colle
312 1121 430 1147 Grannu
445 1122 489 1144 cst
502 1118 537 1143 de
548 1118 626 1144 rodio
643 1117 722 1143 curie
738 1124 822 1150 quam
841 1115 907 1141 fecit
922 1115 997 1141 filius
1014 1114 1150 1141 Guiducii

181 1171 347 1203 Mamberge
363 1173 390 1194 et
404 1168 502 1193 Rosus
514 1166 593 1192 Silie.
607 1165 678 1191 Item
690 1164 762 1190 dixit
777 1163 852 1197 quod
869 1163 985 1189 feudum
1004 1162 1090 1188 Dolce
1106 1165 1151 1188 est

181 1220 215 1246 de
233 1219 311 1245 rodio
328 1216 423 1249 curie,
441 1219 469 1241 et
487 1214 596 1240 rodium
614 1213 648 1239 de
665 1213 776 1238 Roveto
793 1211 923 1238 similiter
939 1215 967 1237 et
984 1210 1094 1237 rodium
1116 1210 1150 1235 de

181 1268 302 1294 Certeno
316 1265 389 1291 etde
406 1264 514 1290 Alvella
527 1267 594 1288 sunt
606 1262 640 1287 de
652 1262 742 1287 curia.
760 1260 829 1286 Item
848 1259 985 1285 medietas
1002 1259 1151 1285 tenimenti

182 1317 216 1343 de
236 1314 398 1341 Fontanella
414 1317 460 1338 est
481 1312 514 1338 de
536 1311 632 1340 curia,
650 1314 677 1336 et
693 1309 727 1335 de
744 1309 797 1334 alia
815 1308 965 1334 medietate
982 1307 1066 1333 debet
1089 1306 1152 1332 red-

180 1365 247 1391 dere
267 1364 355 1389 abbas
371 1362 467 1387 Sancti
491 1359 647 1385 Salvatoris
664 1358 743 1384 curie
761 1356 871 1382 Priceni
889 1356 1034 1382 annuatim
1052 1363 1088 1381 xx
1105 1363 1152 1381 so-

183 1412 256 1438 lidos
286 1410 468 1436 denariorum
496 1411 523 1433 et
548 1415 630 1432 unam
656 1406 774 1431 salmam
802 1403 987 1430 scutellarum
1012 1407 1039 1428 et
1066 1411 1151 1428 unam

182 1462 300 1487 salmani
322 1462 521 1484 castanearum
550 1459 577 1480 et
606 1462 693 1479 unum
723 1460 851 1486 porcum.
876 1451 947 1477 Item
978 1451 1049 1476 dixit
1076 1450 1152 1484 quod

182 1510 275 1543 campi
293 1507 424 1533 [tainueii
438 1503 539 1537 Rampi
557 1503 602 1536 qui
621 1502 728 1527 suntin
745 1500 843 1534 Campi
856 1508 947 1533 usque
960 1500 986 1524 in
1000 1499 1151 1530 fossatum,

183 1562 210 1583 et
227 1560 324 1582 tenent
340 1562 390 1580 cos
408 1553 454 1578 tilii
478 1551 602 1577 Macalde
618 1554 645 1575 et
661 1549 802 1574 «Iohannis
825 1552 893 1573 sunt
916 1547 950 1572 de
973 1546 1062 1572 curia.
1080 1545 1151 1571 [tem

182 1606 253 1632 dixit
269 1603 343 1637 quod
361 1602 498 1628 medietas
516 1599 596 1624 vallis
612 1598 645 1623 de
668 1597 747 1622 Rene
761 1600 789 1621 et
810 1595 919 1621 rodium
937 1594 1022 1620 Guidi
1040 1598 1068 1619 et
1083 1594 1151 1619 Ste-

180 1653 241 1680 fetti
260 1652 285 1677 in
303 1651 423 1684 Oppicta
437 1650 520 1683 juxta
536 1646 641 1673 Fielem
658 1649 703 1671 est
716 1644 750 1670 de
764 1644 854 1674 curia,
870 1647 897 1668 et
911 1642 1003 1676 campi
1021 1644 1086 1676 post
1101 1641 1152 1667 Jo-

181 1711 244 1728 vem
257 1709 306 1735 pro
320 1699 441 1733 precello
454 1696 665 1723 Pandecconnu
681 1701 752 1727 quos
767 1695 845 1718 tenet
855 1691 1019 1718 Jannucins
1030 1695 1057 1717 et
1071 1698 1151 1724 pres-

180 1751 254 1776 biter
266 1747 447 1774 Ildibrandus
459 1745 492 1779 (Ἰ)
502 1748 569 1770 sunt
581 1743 615 1768 de
628 1742 716 1768 curia.
729 1740 801 1767 Item
814 1740 885 1766 dixit
898 1739 973 1774 quod
987 1740 1042 1765 duo
1057 1739 1151 1772 campi

183 1800 210 1826 in
229 1798 355 1824 Fontana
375 1794 433 1820 l'oli
458 1799 485 1819 et
506 1800 581 1818 unus
601 1791 629 1817 in
653 1790 723 1816 valle
742 1789 847 1814 Fenaia
867 1793 935 1814 sunt
954 1788 988 1813 de
1007 1788 1086 1813 cni-ia
1103 1795 1152 1822 pro

183 1846 342 1882 presbitero
370 1842 508 1869 Rollando
536 1840 674 1866 Senense.
705 1838 776 1864 Item
800 1836 870 1862 dixit
893 1836 968 1870 quod
995 1836 1153 1862 Zabillinus

182 1898 261 1921 tenet
276 1893 417 1927 quendam
434 1898 565 1924 campum
584 1889 610 1914 in
628 1888 701 1913 Rota
718 1888 791 1913 inter
807 1884 1050 1912 Ildribanducium
1069 1892 1154 1918 pres-

182 1943 265 1969 biteri
287 1945 314 1967 et
339 1940 523 1966 Renes-actum
549 1942 576 1963 et
597 1936 777 1963 Gualterium
794 1934 842 1968 qui
859 1937 903 1959 est
924 1933 957 1959 dc
974 1933 1064 1960 curia.
1081 1932 1153 1959 Item

185 1991 321 2018 Rosellus
338 1989 422 2015 habet
438 1987 523 2013 alium
541 1993 673 2019 campum
691 1985 717 2010 in
736 1984 807 2009 Rota
825 1984 874 2017 qui
891 1986 934 2008 est
951 1982 1072 2008 filiorum
1093 1981 1154 2007 An·
1200 2018 1201 2021 Ἴ

183 2039 272 2067 scaldi
288 2040 367 2071 juxta
380 2036 537 2071 predictum
551 2041 694 2067 campum.
708 2032 778 2057 Item
789 2033 872 2065 juxta
888 2031 1010 2056 eundem
1025 2034 1070 2056 est
1081 2030 1155 2056 alius

183 2095 304 2122 campus
320 2085 436 2111 Mazocli
448 2084 496 2117 qui
510 2087 577 2108 sunt
590 2081 623 2107 de
636 2081 725 2107 curia.
743 2080 812 2106 Item
827 2079 898 2105 dixit
910 2079 984 2113 quod
997 2078 1156 2105 Grum'olus

185 2136 271 2162 habet
294 2143 344 2168 pro
368 2132 491 2158 Mazoclo
516 2131 601 2156 alium
625 2136 758 2163 eampum
783 2129 810 2153 in
829 2127 903 2153 Rota
926 2127 998 2152 inter
1014 2126 1155 2152 Ildibran-

184 2185 300 2210 ducium
313 2186 340 2208 et
353 2181 425 2207 filios
437 2178 575 2205 Ansoaldi
590 2178 637 2211 qui
655 2180 698 2202 est
711 2176 745 2202 de
756 2176 845 2202 curia.
864 2175 935 2201 Item
947 2174 1019 2200 dixit
1034 2173 1110 2208 quod
1126 2173 1154 2199 in

186 2231 403 2264 Beltoriojuxta
420 2227 605 2253 Benefactum
620 2229 647 2251 et
663 2225 736 2250 filios
753 2223 887 2257 Englesci
905 2226 949 2248 est
965 2229 1085 2256 campus
1101 2221 1156 2247 An-

186 2279 276 2307 soaldi
287 2279 334 2312 qui
347 2281 391 2303 est
406 2277 440 2302 de
456 2275 545 2302 curia.
558 2274 631 2300 Item
648 2272 722 2298 idem
735 2272 796 2306 ipse
810 2270 1007 2297 Rolanducius
1018 2269 1090 2295 dixit
1101 2277 1155 2295 suo

185 2329 363 2355 sacramento
375 2324 451 2359 quod
464 2322 606 2349 Berardus
618 2319 760 2347 interfecit
775 2327 908 2345 socerum
925 2326 1010 2344 suum
1027 2317 1155 2344 Grafium

186 2376 261 2403 unde
277 2374 450 2401 castellanus
465 2369 632 2397 Radicofani
649 2369 725 2394 venit
738 2371 807 2394 tunc
823 2368 850 2394 in
865 2366 985 2393 Priceno
998 2370 1027 2392 et
1041 2365 1156 2400 grisavit

185 2425 280 2451 onmia
304 2423 377 2448 bona
394 2428 492 2446 eorum
507 2429 512 2450 3
531 2417 713 2453 postmodum
730 2416 806 2442 dedit
828 2415 1003 2442 castellanus
1025 2415 1086 2448 ipse
1102 2414 1156 2440 hec

185 2473 279 2499 omnia
291 2470 424 2504 hospitali
439 2468 537 2494 Pontis
550 2466 666 2493 Henrici
677 2474 727 2500 pro
738 2473 775 2491 νιι
786 2464 875 2496 libris,
888 2466 917 2490 et
926 2463 1066 2498 hospitale
1078 2462 1157 2489 dedit

185 2525 282 2556 postea
297 2519 397 2545 cadem
417 2518 491 2543 bona
511 2515 648 2542 Zabulino
666 2515 692 2540 in
710 2514 803 2540 libello
820 2512 854 2539 ad
871 2512 1035 2547 petitionem
1051 2519 1089 2538 xu
1106 2511 1157 2537 de-

186 2569 330 2595 nariorum
347 2565 494 2592 annuatim
512 2563 644 2597 hospitali
662 2561 844 2588 reddendam.
866 2560 899 2586 Iu
918 2560 973 2586 hiis
989 2559 1073 2585 bonis
1088 2562 1157 2586 sunt

186 2619 267 2644 vinee
283 2617 311 2643 in
324 2615 446 2641 Paterno
457 2613 490 2639 ad
503 2621 540 2638 vii
551 2620 656 2646 zappas
667 2614 695 2636 et
707 2611 762 2636 due
775 2610 816 2636 vel
829 2618 857 2636 ιιι
873 2609 986 2635 domus.
1001 2608 1073 2634 Item
1085 2608 1157 2634 dixit

186 2665 260 2700 quod
279 2663 439 2690 Rainucius
452 2661 554 2695 Rampi
572 2659 700 2686 vendidit
714 2659 812 2685 comiti
829 2656 1023 2683 Ildibrandino
1040 2659 1068 2682 et
1084 2656 1157 2682 Ber-

189 2714 305 2740 nardino
333 2713 390 2738 filio
417 2710 533 2745 Ugolini
556 2709 651 2735 onmia
677 2716 729 2734 sua
753 2707 826 2733 bona
851 2705 1008 2732 immobilia
1018 2726 1024 2737 ,
1045 2704 1157 2731 scilieet

188 2763 284 2788 vineas
296 2761 323 2786 in
338 2760 410 2793 Roja
423 2767 478 2793 que
490 2757 602 2783 suntad
614 2765 660 2782 xvi
674 2763 788 2790 zappaS,
802 2758 830 2780 et
844 2754 898 2780 sub
911 2757 1006 2779 castro
1018 2753 1116 2786 Cluso,
1129 2756 1157 2778 et

188 2814 289 2835 terram
307 2810 332 2833 in
348 2808 466 2833 Fossato
481 2806 621 2831 Mei-dario
633 2809 660 2830 et
677 2812 762 2830 unam
779 2810 886 2829 casam.
904 2801 976 2828 Item
994 2801 1065 2827 dixit
1080 2800 1156 2835 quod

192 2953 215 2977 1.
234 2951 295 2977 (fud.
313 2950 384 2975 cius.

689 327 738 355 LE
763 326 907 355 LIBER
930 322 1164 354 CENSUUM
1189 321 1243 350 DE
1267 316 1453 350 L'EGLISE
1477 320 1687 349 ROMAINE.

1264 386 1341 411 filius
1357 385 1472 411 Berardi
1488 388 1515 411 et
1531 385 1679 411 Guittonis
1700 384 1733 410 de
1756 384 1847 410 Rocio
1870 384 1905 410 de
1927 392 1983 417 quo
2001 387 2045 409 est
2061 384 2164 410 domus
2180 384 2234 410 Se-

1264 434 1347 459 nensi
1364 434 1430 467 quia
1446 433 1554 458 Senese
1576 437 1619 458 est
1640 433 1674 458 de
1696 432 1756 466 ipsa
1776 431 1878 462 domo,
1897 435 1925 457 et
1939 431 2042 457 domus
2059 432 2190 457 Anselmi
2207 435 2236 458 et

1264 481 1412 507 Bet-tranei
1437 485 1464 507 et
1488 482 1576 507 filium
1598 480 1763 507 Orlanducii
1788 480 1924 512 Roberti,
1953 484 1979 506 et
2007 479 2235 506 Aldibrandinus

1264 529 1371 561 Drudi,
1394 534 1421 556 et
1442 530 1545 556 domus
1570 529 1672 560 Romi,
1696 533 1723 554 et
1750 528 1981 555 Ildibranducius
2006 528 2040 553 de
2066 527 2160 554 Perite
2182 536 2234 554 seu

1263 578 1388 604 Orlende
1404 581 1431 603 et
1448 577 1588 603 Martinus
1605 586 1669 603 cum
1687 578 1774 603 sociis
1792 578 1868 609 suis,
1886 576 1997 602 scilicet
2013 576 2110 610 Zoppo
2126 579 2154 602 et
2171 576 2236 602 filiis

1265 626 1458 660 Scarnapulce
1483 630 1511 651 et
1534 625 1680 652 Ranaldus
1705 624 1872 658 Guittonis,
1893 628 1921 650 et
1942 624 2075 650 Rannius
2090 624 2190 657 Oriza,
2208 627 2236 650 et

1264 674 1437 707 Paganellus
1455 673 1637 700 Pezaventris
1653 674 1701 707 qui
1719 673 1824 699 liabent
1841 672 1921 699 feuda
1938 681 1953 698 a
1968 673 2048 699 curia
2064 680 2114 706 pro
2129 672 2235 706 quibus

1266 726 1398 748 tenentur
1408 723 1516 748 sei-virt¹
1527 725 1607 747 curie
1617 722 1649 747 ad
1660 729 1750 754 equos
1762 725 1789 746 et
1800 729 1888 754 arma,
1899 721 1972 746 etde
1984 719 2234 754 fidejussionibus.

1265 770 1336 796 Item
1360 771 1431 796 dixit
1449 770 1523 804 quod
1546 770 1637 796 banna
1658 770 1736 795 curie
1758 773 1826 796 sunt
1848 769 1910 795 hec.
1928 768 2100 802 Quicunque
2116 768 2238 794 descen-

1266 819 1346 844 deret
1363 827 1411 852 per
1428 819 1517 852 ripam
1542 826 1591 851 pro
1612 826 1699 843 causa
1722 817 1775 843 soci
1793 817 1836 842 vel
1853 817 1919 851 lupo
1937 816 1979 842 vel
1995 817 2136 842 latronum
2153 816 2237 842 debet

1265 866 1332 892 dare
1351 876 1377 893 ιιι
1395 867 1503 893 solidos
1521 868 1610 897 curie,
1627 866 1661 891 de
1682 866 1841 892 mondeciis
1858 866 1967 891 viarum
1986 873 2013 891 ιιι
2030 864 2149 891 solidos.
2167 866 2237 891 Item

1266 915 1300 941 de
1323 916 1401 941 omni
1423 924 1509 949 porco
1533 920 1560 940 et
1581 915 1670 941 salma
1688 915 1744 940 vini
1768 923 1774 940 ι
1795 914 1942 940 denarium
1967 914 2000 940 ad
2023 916 2131 948 portam
2153 913 2176 939 si
2193 915 2238 939 est

1266 964 1402 990 sorensis.
1419 963 1490 989 Item
1504 963 1660 997 dixitquod
1676 972 1690 988 a
1709 967 1807 988 sancta
1825 962 1911 988 Maria
1927 962 1962 988 de
1979 961 2079 988 martio
2098 969 2188 995 usque
2203 961 2238 986 ad

1268 1016 1396 1038 sanctam
1414 1012 1530 1038 Mariam
1557 1011 1591 1037 de
1612 1014 1736 1045 augusto
1761 1019 1814 1036 non
1839 1010 1924 1036 debet
1944 1010 2047 1044 aliquis
2070 1009 2097 1035 in
2119 1009 2238 1035 flumine

1268 1061 1373 1095 piscari
1391 1061 1424 1086 ad
1442 1060 1564 1093 guadam
1587 1068 1639 1085 nec
1661 1059 1693 1085 ad
1720 1062 1855 1090 stoi-tam,
1873 1062 1900 1084 et
1916 1058 1941 1084 si
1957 1058 2022 1092 quis
2038 1060 2138 1084 contra
2155 1057 2240 1084 saciet

1268 1109 1345 1136 dabit
1360 1118 1388 1136 ιιι
1404 1109 1512 1135 solidos
1526 1109 1616 1134 curie.
1632 1108 1702 1134 Item
1716 1108 1740 1134 si
1754 1108 1780 1133 in
1797 1107 1925 1133 bui-runo
1940 1116 1956 1133 a
1970 1106 2082 1132 Torolla
2100 1114 2191 1141 usque
2204 1105 2239 1132 ad

1269 1166 1401 1192 campum
1420 1157 1548 1184 Anselmi
1565 1156 1670 1190 aliquis
1691 1156 1828 1190 dirojaret
1849 1155 1947 1190 perdet
1971 1154 2082 1181 rodium
2100 1158 2129 1180 et
2148 1163 2175 1181 ιιι
2192 1162 2239 1180 so-

1269 1206 1342 1232 lidos
1365 1206 1443 1232 dabit
1463 1206 1551 1231 curie.
1577 1204 1646 1230 Item
1669 1205 1693 1230 si
1717 1204 1782 1238 quis
1806 1207 1917 1237 pararet
1937 1203 2071 1237 laqueum
2095 1202 2137 1228 vel
2161 1206 2240 1237 trap-

1271 1255 1352 1289 pulas
1373 1254 1400 1280 in
1424 1253 1493 1279 silva
1512 1253 1554 1278 vel
1573 1252 1682 1287 campis
1707 1261 1733 1278 ιιι
1758 1251 1866 1278 solidos
1884 1251 1961 1277 dabit
1983 1251 2063 1277 curie
2085 1251 2138 1276 nisi
2162 1253 2241 1276 esset

1270 1303 1467 1338 sepebandese
1481 1305 1659 1328 venatorum.
1677 1301 1744 1327 [tem
1759 1301 1783 1326 si
1795 1301 1860 1334 quis
1871 1300 2009 1326 incideret
2021 1300 2051 1325 in
2063 1299 2134 1325 silva
2150 1298 2241 1325 Vallis

1270 1351 1406 1378 Hei-mine
1421 1360 1448 1377 ιιι
1466 1350 1574 1376 solidos
1590 1349 1668 1375 dabit
1683 1349 1763 1375 curie
1781 1348 1835 1374 uisi
1853 1357 1902 1382 pro
1919 1348 2085 1382 pungulone
2102 1348 2145 1373 vel
2161 1347 2241 1381 virga

1270 1400 1370 1425 coriati
1393 1399 1436 1424 vel
1458 1398 1567 1424 ritorta
1591 1397 1661 1423 item
1683 1396 1718 1422 de
1734 1400 1841 1430 gottata
1857 1405 1873 1423 v
1890 1396 1998 1422 solidos
2017 1397 2107 1422 curie.
2126 1395 2198 1422 Item
2215 1395 2241 1421 si

1270 1447 1335 1480 quis
1346 1446 1497 1472 insultaret
1507 1450 1605 1471 contra
1615 1446 1700 1471 alium
1711 1454 1726 1470 a
1735 1445 1854 1470 flumine
1864 1445 2001 1478 superius
2014 1447 2041 1470 et
2053 1453 2068 1470 a
2079 1444 2240 1477 cnnnapina

1270 1496 1297 1521 in
1316 1503 1417 1520 susum
1435 1498 1464 1519 et
1479 1503 1494 1519 a
1510 1502 1578 1519 cava
1594 1493 1702 1519 clixieti
1719 1492 1762 1525 (‘.?),
1780 1493 1891 1518 scilicet
1908 1501 1992 1518 manu
2007 1495 2131 1522 armata,
2150 1491 2242 1518 solvet

1270 1544 1350 1570 curie
1367 1551 1417 1577 pro
1435 1543 1528 1568 banno
1545 1550 1579 1568 Lx
1595 1541 1713 1568 solidos.
1726 1541 1798 1567 Item
1814 1541 1885 1567 dixit
1897 1540 1971 1575 quod
1988 1541 2037 1575 qui
2054 1548 2106 1566 suo
2123 1540 2179 1566 ictu
2197 1539 2242 1566 vel

1271 1591 1460 1626 percussione
1477 1591 1647 1624 sanguinem
1663 1589 1792 1623 effu[n]di
1810 1589 1910 1615 fecerit
1925 1589 2009 1615 alicui
2025 1589 2116 1615 solvet
2128 1597 2161 1614 bx
2173 1588 2240 1614 soli-

1270 1641 1323 1667 dos
1337 1641 1416 1667 curie
1433 1648 1483 1674 pro
1500 1639 1604 1665 banno.
1618 1638 1688 1665 Item
1701 1638 1773 1664 dixit
1784 1638 1858 1672 quod
1876 1637 1953 1663 rodia
1969 1641 1996 1663 et
2011 1638 2083 1664 silva
2094 1636 2242 1671 Ripetrosi

1271 1692 1340 1715 sunt
1355 1689 1389 1714 de
1406 1688 1494 1714 curia.
1519 1687 1590 1713 Item
1614 1687 1686 1713 dixit
1708 1686 1783 1720 quod
1805 1686 1829 1712 si
1851 1686 1916 1720 quis
1936 1685 2072 1711 venderet
2093 1685 2205 1711 bladum
2226 1693 2242 1711 a

1270 1742 1369 1764 sancta
1386 1737 1474 1763 Maria
1490 1736 1525 1762 de
1541 1739 1664 1769 augusto
1682 1743 1774 1769 usque
1797 1735 1830 1760 ad
1854 1734 1989 1760 kalendas
2013 1733 2109 1760 marcii
2133 1733 2242 1759 forensi

1270 1787 1318 1821 qui
1343 1786 1420 1812 foras
1441 1786 1536 1819 ipsum
1555 1788 1690 1818 portaret,
1708 1783 1785 1809 dabit
1802 1792 1829 1809 ιιι
1845 1782 1953 1809 solidos
1969 1782 2060 1809 curie.
2077 1781 2149 1808 Item
2171 1781 2242 1807 dixit

1271 1834 1346 1869 quod
1364 1833 1521 1859 tenimenta
1537 1841 1592 1866 que
1609 1836 1677 1857 sunt
1698 1831 1752 1857 sub
1769 1831 1857 1857 fracta
1876 1834 1944 1856 sunt
1963 1831 2076 1865 proprie
2097 1829 2132 1855 de
2150 1829 2240 1856 curia.

1307 1882 1437 1908 Stefulus
1448 1882 1482 1907 de
1494 1884 1588 1907 castro
1603 1879 1831 1913 Pricenijuravit
1844 1879 2030 1913 corporaliter
2046 1878 2130 1904 tactis
2143 1886 2242 1904 sacro-

1272 1931 1381 1958 sanctis
1393 1929 1551 1963 evangeliis
1564 1929 1658 1955 dicere
1670 1927 1817 1954 veritatem
1829 1927 1862 1953 de
1873 1926 2009 1961 predictis
2021 1926 2155 1953 omnibus
2167 1927 2244 1952 sicut

1272 1978 1472 2006 Rolanducius
1490 1977 1573 2004 testis
1589 1977 1699 2012 primus
1715 1975 1917 2010 supradictus;
1938 1976 1988 2009 qui
2008 1983 2061 2001 suo
2077 1975 2242 2008 juramento

1271 2027 1345 2053 dixit
1360 2026 1457 2052 eadem
1469 2025 1564 2052 omnia
1580 2033 1628 2059 per
1643 2024 1757 2057 singula
1772 2024 1897 2057 capitula
1909 2032 1964 2058 que
1980 2023 2077 2049 dictus
2093 2022 2242 2049 Rolandu-

1271 2076 1335 2102 cius
1351 2074 1479 2101 Guidotti
1494 2073 1630 2107 superius
1641 2071 1722 2103 dixit,
1735 2075 1763 2097 et
1779 2071 1888 2097 addidit
1903 2075 1932 2097 et
1946 2071 2018 2097 dixit
2030 2070 2106 2105 quod
2123 2070 2241 2097 feudum

1274 2122 1480 2150 Pezanventris
1497 2126 1525 2148 et
1543 2120 1661 2147 Orlandi
1677 2119 1802 2146 Neronis
1818 2122 1846 2145 et
1863 2118 2002 2145 Ansoaldi
2018 2123 2086 2145 sunt
2100 2118 2136 2145 de
2151 2118 2241 2148 curia,

1272 2172 1321 2206 qui
1345 2171 1407 2197 sine
1428 2169 1583 2196 heredibus
1606 2169 1711 2195 mortui
1729 2171 1814 2199 sunt;
1831 2171 1860 2193 et
1882 2167 1954 2193 dixit
1972 2166 2049 2201 quod
2071 2170 2151 2201 pater
2165 2165 2243 2193 Ezali

1272 2219 1434 2246 Cruaconni
1450 2218 1571 2244 debebat
1590 2225 1678 2243 canes
1699 2216 1777 2242 curie
1796 2215 1902 2242 ducere
1918 2215 1951 2241 ad
1976 2215 2174 2241 evacuandum
2192 2222 2243 2249 pro

1273 2276 1326 2294 suo
1340 2267 1426 2294 feudo
1442 2266 1517 2301 quod
1534 2275 1549 2292 a
1563 2266 1644 2292 curia
1659 2264 1783 2291 tenebat.

1307 2315 1469 2342 Jannucius
1481 2315 1515 2341 de
1529 2314 1649 2340 Priceno
1660 2313 1769 2347 juravit
1780 2312 1964 2346 corporaliter
1977 2311 2060 2338 tactis
2074 2318 2244 2338 sacrosanc-

1272 2365 1310 2391 tis
1327 2363 1487 2398 evangeliis
1502 2362 1598 2389 dicere
1614 2369 1728 2388 omnem
1741 2361 1889 2387 veritatem
1901 2368 1987 2395 quam
1999 2359 2118 2386 sciverit
2133 2359 2167 2385 de
2179 2366 2245 2394 pre-

1273 2412 1359 2439 dictis
1370 2411 1516 2445 omnibus‚
1525 2410 1602 2436 sicut
1613 2408 1812 2436 Rolanducius
1824 2407 2010 2443 supradictus
2020 2408 2130 2442 primus
2142 2406 2226 2434 testis
2236 2416 2243 2439 ;

1273 2462 1321 2495 qui
1339 2460 1522 2495 postmodum
1538 2466 1591 2485 suo
1601 2459 1765 2493 juramento
1776 2457 1847 2483 dixit
1862 2457 1937 2483 idem
1951 2464 2001 2491 per
2015 2456 2109 2482 omnia
2120 2455 2245 2490 capitula

1272 2509 1348 2544 quod
1362 2508 1571 2535 Rollanducius
1582 2505 1738 2533 Guiddocti
1750 2506 1860 2539 primus
1872 2505 1966 2535 testis.
1977 2508 2005 2531 et
2016 2503 2125 2530 addidit
2135 2506 2164 2530 et
2173 2503 2246 2530 dixit

1273 2558 1349 2593 quod
1366 2556 1524 2584 Zabulinus
1538 2556 1606 2582 emit
1617 2555 1651 2581 ab
1665 2554 1806 2589 hospitale
1823 2554 1897 2580 bona
1913 2561 1968 2587 que
1984 2553 2101 2579 fuerunt
2116 2552 2205 2579 Grafii
2216 2555 2246 2579 et

1274 2606 1393 2633 Berardi
1408 2608 1507 2632 contra
1520 2603 1741 2639 prohibitionem
1756 2611 1849 2633 suam,
1864 2602 1931 2636 quia
1941 2610 1974 2628 eo
1987 2605 2114 2636 tempore
2126 2603 2186 2627 erat
2197 2600 2245 2627 hic

1274 2655 1357 2682 testis
1371 2653 1496 2681 nuncius
1511 2656 1540 2679 et
1552 2651 1699 2679 castaldus
1714 2651 1805 2684 curie,
1821 2653 1849 2676 et
1865 2658 1899 2676 ex
1913 2652 1992 2684 parte
2003 2649 2082 2676 curie
2098 2648 2245 2684 prohibuit

1275 2703 1445 2729 Zabulinum
1459 2709 1493 2727 ne
1504 2700 1690 2734 emeretquia
1701 2699 1747 2726 ilia
1758 2699 1833 2725 bona
1845 2701 1926 2724 erant
1937 2698 1971 2724 de
1982 2698 2071 2724 curia.
2081 2697 2154 2724 Item
2165 2696 2245 2723 addi-

1274 2751 1316 2778 dit
1330 2754 1358 2777 et
1371 2749 1442 2777 dixit
1453 2757 1542 2784 super
1553 2749 1626 2775 facto
1639 2747 1771 2774 Rainucii
1782 2746 1885 2781 Rampi
1896 2745 1972 2780 quod
1983 2753 2082 2772 comes
2091 2744 2245 2771 Bernardi-

1276 2807 1331 2826 nus
1343 2798 1469 2824 vendidit
1483 2806 1532 2832 pro
1545 2806 1558 2823 c
1570 2797 1650 2823 libris
1664 2799 1791 2822 veterum
1807 2795 1987 2821 denariorum
2001 2795 2096 2820 omnia
2107 2802 2159 2820 sua
2170 2794 2245 2820 bona

1275 2852 1304 2875 et
1316 2849 1386 2882 jura*
1397 2855 1452 2880 que
1469 2846 1590 2872 habebat
1612 2847 1638 2872 in
1662 2848 1757 2871 castro
1776 2843 1887 2869 Priceni
1903 2842 2122 2877 archiepiscopo
2137 2841 2246 2868 ementi

1275 2905 1326 2932 pro
1338 2895 1468 2930 imperio,
1476 2895 1542 2928 quia
1552 2895 1613 2928 ipse
1623 2897 1692 2919 tunc
1702 2893 1814 2927 legatus
1824 2891 2006 2926 imperatoris
2017 2891 2092 2924 [erat]
2103 2890 2129 2916 in
2138 2889 2242 2916 Ytalia.

1275 2945 1348 2971 Item
1364 2944 1436 2970 dixit
1450 2943 1524 2977 quod
1542 2943 1637 2968 omnia
1653 2949 1708 2976 que
1725 2941 1839 2967 fuerunt
1856 2938 2007 2974 presbiteri
2021 2938 2143 2965 Rolandi
2160 2938 2245 2965 habet
