2392 3571
682 331 731 362 LE
754 331 899 361 LIBER
921 330 1152 361 CENSUUM
1176 330 1230 360 DE
1253 321 1438 360 L‘EtGLISE
1462 330 1670 360 ROMAINE.
2156 330 2212 362 599

172 400 253 426 sione
268 399 482 433 quomodolibet
498 398 706 434 spectantibus.
724 397 845 432 Insuper
860 398 1000 424 dederunt
1019 402 1047 424 et
1062 405 1133 424 con·

172 451 325 474 cesserunt
346 447 437 474 eidem
461 447 576 474 domino
595 447 753 474 camerario
775 447 922 481 recipienti
942 446 1056 473 nomine
1077 454 1134 481 quo

172 503 260 530 supra
276 496 372 522 omnia
385 497 451 530 jura
470 500 498 522 et
518 497 645 522 actiones
660 499 688 522 et
705 496 829 522 rationes
847 495 932 522 utiles
952 501 979 522 et
1000 495 1132 526 directas,

173 544 264 571 reales
278 548 306 570 et
323 545 488 579 personales
503 549 588 578 atque
604 545 708 571 mixtas
724 544 751 570 in
767 543 852 571 dictis
867 544 955 570 rebus
970 544 1041 578 ipsis
1056 551 1136 570 com-

174 593 298 627 petentia
313 597 340 618 et
357 594 558 628 competitura,
573 597 603 619 ut
618 593 753 620 dominus
769 601 850 627 papa,
866 592 990 619 ecclesia
1006 592 1135 618 Romana

172 646 200 668 et
215 641 254 668 illi
270 642 376 676 quibus
393 651 426 669 ea
438 642 570 668 dederint
585 642 626 668 vel
645 641 749 668 habere
765 641 962 667 mandaverint
981 641 1092 675 possint
1108 644 1137 666 et

174 691 285 717 valeant
309 690 373 717 inde
389 699 486 725 agere,
503 691 626 725 experiri
641 694 669 716 et
686 691 818 724 excipere
840 694 939 716 contra
955 697 1055 716 omnes
1072 698 1136 724 per-

173 747 261 766 sonas
276 743 306 766 et
321 740 382 765 loca
393 760 399 769 .
422 739 498 765 nulla
521 739 549 764 in
573 746 604 764 se
620 739 693 765 facta
710 738 912 769 reservatione,
933 747 982 773 pro
1003 739 1092 772 pretio
1109 742 1136 764 et

174 788 287 814 nomine
307 787 376 814 certi
401 786 483 821 pretii
507 791 710 813 sexcentorum
729 787 878 821 sexaginta
894 795 944 813 sex
962 786 1136 813 florenorum

173 840 201 863 et
215 836 334 862 duarum
352 836 474 869 partium
499 835 583 862 unius
605 834 704 862 ssoreni
727 835 800 861 auri.
823 835 905 867 Quod
927 836 1048 870 pretium
1067 843 1137 862 con-

173 885 242 911 fessi
259 885 375 910 suerunt
393 888 422 910 et
437 888 667 918 recognoverunt
683 883 710 910 in
728 883 848 910 veritate
865 891 919 910 non
936 891 987 917 spe
1004 892 1136 910 numera-

173 933 260 958 tionis
276 932 319 958 vel
335 931 509 966 receptionis
525 931 621 958 future
635 940 665 958 se
683 932 818 958 habuisse
829 940 862 958 ac
876 933 1022 965 recepisse
1038 936 1065 957 et
1081 931 1136 957 sibi

173 981 286 1015 integre
302 980 409 1011 datum,
429 980 561 1007 traditum
579 985 607 1006 et
623 981 748 1006 solutum
771 981 860 1006 fuisse
877 980 991 1006 nomine
1008 979 1136 1006 Romane

171 1029 295 1055 ecclesie
312 1028 463 1063 prelibate,
480 1028 643 1062 exceptioni
667 1036 722 1054 non
744 1028 832 1054 habiti
856 1035 910 1053 non
928 1028 1068 1054 numerati
1085 1036 1136 1054 seu

173 1077 320 1112 ponderati
345 1081 374 1103 et
399 1077 507 1111 recepti
531 1076 598 1102 dicti
626 1077 708 1111 pretii
732 1076 795 1103 sive
820 1076 940 1110 pecunie
969 1077 1138 1111 quantitatis

173 1126 290 1153 omnino
306 1130 334 1152 et
349 1134 486 1160 expresse
503 1126 711 1152 renuntiantes.
726 1124 767 1151 De
780 1133 836 1159 quo
847 1133 879 1151 se
896 1125 968 1151 bene
983 1130 1011 1151 et
1026 1125 1137 1159 integre

173 1179 290 1211 pacatos
306 1179 334 1201 et
349 1178 502 1201 contentos
517 1178 693 1200 vocaverunt
707 1178 735 1200 et
750 1178 915 1205 tenuerunt,
932 1178 960 1200 et
974 1174 1070 1208 ipsum
1085 1174 1137 1200 do-

174 1225 282 1251 minum
304 1232 404 1259 papam
423 1225 546 1258 eJusque
564 1231 752 1250 successores
767 1227 795 1249 et
811 1223 968 1249 Romanam
986 1223 1137 1249 ecclesiam

172 1273 238 1300 inde
255 1273 371 1308 penitus
386 1272 557 1303 liberarunt;
575 1276 603 1298 et
618 1272 642 1298 si
659 1273 723 1306 plus
736 1272 842 1298 valeret
857 1272 1002 1298 certiorati
1024 1271 1138 1306 dejure

173 1323 301 1356 ipsorum
319 1329 370 1356 pro
387 1321 514 1347 remedio
535 1321 692 1346 animarum
710 1329 828 1347 suarum
845 1324 1054 1354 parentumque
1069 1329 1138 1347 suo-

174 1378 237 1397 rum
254 1373 282 1396 et
300 1378 351 1403 pro
374 1369 522 1396 beneficiis
538 1370 580 1396 eis
597 1378 611 1395 a
634 1369 764 1396 Romana
786 1369 907 1395 ecclesia
924 1370 1052 1403 prestitis
1068 1370 1138 1396 sim-

173 1419 283 1454 pliciter
299 1422 326 1444 et
342 1418 566 1445 irrevocabiliter
582 1423 789 1444 concesserunt
805 1422 833 1444 et
852 1418 1031 1445 donaverunt
1046 1419 1137 1445 eidem

172 1467 296 1494 ecclesie
312 1467 453 1498 Romane,
479 1467 678 1501 promittentes
703 1475 752 1501 per
773 1467 986 1502 stipulationem
1004 1468 1140 1502 sollemp-

175 1524 239 1542 nem
263 1515 354 1542 eidem
377 1516 492 1542 domino
515 1516 670 1542 camerario
696 1516 843 1551 recipienti
865 1521 893 1542 et
916 1517 1062 1551 stipulanti
1087 1525 1138 1543 no-

175 1566 250 1592 mine
267 1573 322 1599 quo
338 1573 423 1599 supra
439 1565 472 1591 ad
493 1573 592 1599 penam
610 1565 687 1599 dupli
704 1565 779 1591 dicte
796 1566 835 1591 rei
856 1565 970 1592 vendite
986 1566 1138 1600 obligando

174 1621 206 1640 se
235 1614 430 1647 principaliter
457 1618 485 1639 et
512 1614 538 1639 in
564 1612 686 1640 solidum
709 1621 837 1647 suosque
863 1614 984 1640 heredes
1008 1618 1036 1640 et
1065 1614 1139 1640 bona

173 1671 272 1689 eorum
287 1663 382 1689 omnia
393 1663 517 1695 singula.
532 1663 674 1696 presentia
688 1667 716 1688 et
732 1663 838 1693 futura,
853 1663 928 1697 quod
942 1664 996 1698 ipsi
1010 1664 1139 1690 vendito-

175 1719 220 1738 res
236 1712 278 1737 vel
302 1719 400 1737 eorum
423 1719 610 1737 successores
631 1712 673 1737 vel
694 1711 746 1737 alia
769 1720 890 1747 persona
907 1721 956 1747 pro
973 1713 1014 1738 eis
1029 1713 1089 1739 sive
1103 1713 1138 1739 ab

174 1760 217 1786 eis
232 1761 390 1786 summissa
404 1760 446 1785 vel
462 1760 495 1786 ab
510 1760 552 1786 eis
573 1760 767 1786 submittenda
784 1769 906 1795 persona
921 1761 955 1787 de
971 1765 1065 1787 cetero
1083 1770 1137 1788 non

175 1810 368 1844 imbrigabunt
385 1810 427 1835 vel
449 1810 641 1836 molestabunt
665 1810 748 1836 modo
770 1811 865 1845 aliquo
888 1812 948 1836 sive
966 1813 1031 1844 jure
1047 1811 1138 1838 domi-

176 1867 243 1885 num
261 1867 360 1893 papam
375 1862 402 1883 et
417 1859 567 1885 ecclesiam
586 1858 755 1890 Romanam,
772 1860 815 1885 vel
831 1859 893 1886 illos
909 1860 956 1886 cni
974 1861 1015 1886 vel
1032 1861 1138 1894 quibus

174 1906 352 1933 decreverint
364 1915 414 1932 seu
429 1907 624 1933 mandaverint
637 1908 734 1933 haberi
748 1907 781 1933 de
795 1909 990 1942 suprascripta
1004 1917 1032 1934 re
1047 1917 1080 1935 ac
1091 1910 1138 1942 ju-

174 1956 254 1982 ribus
266 1955 390 1982 venditis
403 1962 430 1982 et
447 1957 558 1983 traditis
571 1957 612 1982 vel
627 1957 720 1990 aliqua
735 1966 833 1984 eorum
848 1963 925 1992 parte
939 1966 990 1984 seu
1007 1959 1136 1992 ipsorum

173 2006 342 2033 occasione:
367 2014 417 2031 nec
440 2007 528 2039 ipsam
551 2014 609 2031 rem
633 2006 775 2032 venditam
794 2006 834 2031 vel
851 2007 973 2040 aliquam
990 2008 1055 2040 ejus
1073 2016 1138 2041 par-

173 2058 229 2080 tem
243 2054 325 2080 alicui
343 2062 463 2088 persone
476 2054 613 2085 singulari
628 2055 668 2079 vel
683 2055 860 2080 universitati
873 2055 1061 2081 vendiderunt
1075 2057 1138 2082 sive

173 2107 325 2128 cesserunt
336 2108 385 2128 aut
401 2102 579 2128 donaverunt
590 2103 683 2136 aliqua
692 2104 843 2129 occasione
856 2112 905 2128 seu
923 2111 1025 2135 cansag
1041 2104 1089 2130 sed
1103 2105 1137 2131 ab

174 2151 250 2176 omni
269 2150 431 2182 imbriganti
450 2158 570 2184 persona
587 2158 637 2176 seu
657 2152 717 2176 loco
734 2151 824 2177 eidem
842 2151 956 2177 domino
973 2160 1042 2186 pape
1059 2154 1138 2186 ejus-

174 2207 229 2232 que
245 2199 465 2225 successoribus
477 2205 502 2225 et
514 2199 635 2225 ecclesie
655 2199 782 2225 Romane
797 2205 933 2234 perpetuo
946 2200 1098 2227 defendent
1111 2206 1138 2227 et

174 2248 382 2281 disin-igabnut.
400 2247 433 2273 Et
447 2253 558 2273 actores
570 2252 597 2273 et
609 2248 777 2274 defensores
793 2248 857 2274 inde
874 2249 999 2282 predicte
1015 2250 1137 2276 ecclesie

175 2300 259 2323 erunt
273 2301 300 2322 et
316 2297 439 2322 existent
452 2305 484 2322 ac
501 2305 615 2330 semper
635 2298 713 2330 ipsos
729 2297 875 2323 dominum
899 2306 998 2332 papam
1017 2300 1137 2333 ejusque

174 2353 362 2372 successores
386 2353 419 2370 ac
447 2345 604 2371 Romanam
634 2345 785 2371 ecclesiam
814 2345 918 2372 facient
949 2347 1085 2381 potiorem
1110 2349 1136 2374 in

174 2395 345 2428 proprietate
362 2398 389 2419 et
402 2393 477 2420 circa
495 2394 695 2428 proprietatem
712 2394 786 2420 dicte
804 2394 843 2420 rei
862 2394 973 2421 vendite
989 2404 1021 2421 ac
1037 2397 1138 2423 tradite

174 2451 207 2470 ac
223 2444 438 2478 possessionem
454 2451 552 2468 eorum
571 2443 613 2468 vel
631 2443 713 2476 quasi
735 2443 844 2469 licitum
860 2444 898 2469 sit
916 2443 959 2470 eis
982 2445 1086 2471 habere
1106 2454 1138 2472 ac

174 2496 282 2519 tenere.
298 2491 332 2518 Et
348 2491 371 2517 si
389 2500 443 2525 qua
460 2492 496 2517 lix
518 2491 561 2517 vel
574 2491 640 2517 lites
656 2499 708 2517 seu
723 2491 852 2518 molestia
868 2492 903 2518 ab
919 2493 1012 2527 aliquo
1028 2494 1071 2519 vel
1088 2494 1138 2520 ali·

174 2541 278 2576 quibus
295 2541 386 2567 eidem
403 2541 518 2567 domino
538 2549 608 2575 pape
631 2546 658 2566 et
683 2540 810 2567 Romane
833 2541 955 2568 ecclesie
976 2548 1139 2570 moveretur

173 2594 223 2617 aut
238 2594 432 2623 morerentur,
449 2591 527 2624 ipsas
545 2591 570 2616 in
588 2598 618 2616 sc
635 2590 797 2624 suscipient
815 2594 842 2617 et
858 2591 1058 2626 disbrigabunt
1075 2601 1139 2627 pro-

176 2639 245 2674 priis
259 2647 358 2664 eorum
375 2639 522 2672 expensis.
541 2638 730 2664 renuntiando
746 2647 780 2665 ex
798 2644 879 2673 pacto
895 2640 969 2666 inter
984 2649 1036 2667 eos
1050 2650 1139 2676 appo—

175 2689 230 2714 sito
243 2688 415 2716 necessitate
426 2687 614 2713 denuntiandi
626 2688 668 2713 vel
685 2688 848 2714 notificandi
865 2690 890 2715 si
905 2689 999 2724 aliquo
1012 2695 1138 2725 tempore

175 2730 213 2763 lix
228 2737 322 2770 aliqua
345 2740 517 2762 moveretur.
540 2736 574 2762 Et
594 2737 688 2762 omnia
710 2737 831 2772 dampna
846 2747 989 2773 expensas
1010 2747 1043 2765 ac
1065 2740 1138 2766 inte-

175 2793 254 2810 resse
270 2792 325 2818 que
343 2788 455 2818 propter
473 2785 525 2810 noc
542 2794 573 2810 se
594 2785 717 2811 dixerint
741 2786 898 2813 incurrisse
919 2795 950 2813 se
967 2789 1076 2822 integre
1093 2797 1138 2814 re-

175 2833 300 2859 fectui-os
318 2834 520 2866 promiserunt,
537 2834 638 2859 stando
651 2833 686 2859 de
701 2834 756 2859 niis
768 2835 902 2862 omnibus
916 2837 1038 2870 simplici
1053 2837 1136 2863 verbo

175 2881 367 2915 procuratoris
386 2881 447 2906 sive
461 2882 596 2915 yconomi
615 2881 741 2907 Romane
757 2884 878 2910 ecclesie
893 2885 955 2910 sine
970 2885 1062 2919 aliqua
1079 2894 1138 2919 pro-

177 2930 299 2956 batione.
328 2928 381 2955 l‘ro
404 2930 509 2963 quibus
532 2930 666 2956 omnibus
689 2932 838 2958 servandis
859 2938 885 2958 et
909 2933 1027 2959 firmiter
1051 2934 1136 2959 adim-

176 2977 286 3012 plendis
301 2982 328 3004 et
344 2978 476 3004 tenendis
493 2979 519 3003 in
539 2983 707 3012 perpetuum
725 2980 924 3014 obligaverunt
939 2982 1024 3007 iidem
1043 2981 1136 3007 vendi-

1249 400 1327 422 tores
1341 396 1454 422 nomine
1466 405 1522 430 quo
1538 406 1624 431 supra
1642 397 1749 431 prefato
1765 397 1879 423 domino
1893 398 2049 424 camerario
2065 397 2212 433 stipulanti

1249 449 1277 472 et
1293 445 1441 479 recipienti
1459 446 1571 472 nomine
1587 446 1693 472 ‹lomiui
1710 455 1780 481 pape
1793 451 1820 472 et
1834 445 1961 473 Romane
1978 447 2100 473 ecclesie
2116 447 2212 473 omnia

1249 498 1277 520 et
1291 494 1403 528 singula
1418 494 1489 520 bona
1506 503 1567 523 sua.
1586 495 1720 521 heredum
1738 500 1765 521 et
1781 503 1982 522 successorum
2000 504 2130 530 suorum,
2149 504 2212 522 mo-

1250 542 1316 569 bilia
1331 545 1359 568 et
1374 543 1538 573 immobilia.
1557 545 1699 577 presentia
1712 548 1739 570 et
1755 544 1857 575 sutura,
1873 545 1937 578 jura
1951 549 1979 571 et
1994 545 2132 579 actiones,
2149 545 2212 571 ubi-

1250 600 1373 625 cumque
1388 592 1444 617 sint
1462 592 1503 617 vet
1521 592 1625 618 suerint
1640 592 1806 625 constituta,
1823 593 1855 619 ad
1875 602 1974 627 penam
1994 594 2070 629 dupli
2088 594 2126 620 rei
2144 603 2213 621 ven·

1250 641 1309 667 dite
1330 640 1505 675 supradicte.
1533 640 1742 667 I’tennntiantes
1764 643 1791 668 in
1817 642 1872 668 hiis
1895 643 2028 669 omnibus
2052 643 2212 677 exceptioni

1251 689 1308 715 doli
1330 688 1394 715 mali
1413 689 1440 714 in
1457 688 1573 717 factum.
1590 690 1712 723 actioni,
1729 690 1885 716 conditioni
1903 691 2019 718 indebiti
2037 692 2099 718 sine
2113 700 2210 723 causa,

1251 737 1390 764 beneficio
1406 737 1597 763 restitutionis
1615 737 1640 763 in
1655 738 1808 771 integrum,
1825 740 1976 773 omnisque
1987 740 2106 766 alterius
2121 741 2212 766 actio-

1252 787 1297 813 nis
1312 791 1340 812 et
1352 787 1429 821 juris
1444 786 1574 812 canonici
1591 792 1616 812 et
1633 787 1726 813 civilis
1742 788 1847 814 anxilio
1869 797 1917 822 per
1939 789 2013 823 quod
2039 789 2123 815 iidem
2141 798 2213 816 ven-

1251 835 1360 862 ditores
1376 838 1474 861 contra
1492 834 1647 860 Romanam
1667 836 1817 861 ecclesiam
1842 840 1960 869 possent
1976 838 2002 863 in
2021 841 2165 871 posterum
2182 845 2213 863 se

1253 884 1337 914 tueri.
1354 888 1382 909 et
1397 882 1472 909 omni
1489 883 1534 908 alii
1552 883 1656 909 auxilio
1669 884 1745 917 juris
1761 884 1835 918 quod
1853 889 1950 910 contra
1968 886 2021 911 hoc
2037 886 2212 912 instrumen-

1254 938 1314 959 tum
1331 932 1373 958 vel
1389 932 1495 958 factum
1513 937 1610 965 posset
1625 933 1804 966 aliquatenus
1819 933 1892 959 obici
1910 934 1952 959 vel
1968 935 2084 968 opponi,
2100 939 2128 960 et
2146 942 2212 968 spe-

1252 981 1362 1008 cialiter
1381 981 1439 1014 juri
1463 980 1570 1006 dicenti
1592 982 1752 1010 generatem
1776 982 2013 1008 renuntiationem
2032 991 2084 1008 non
2108 983 2212 1009 valere.

1253 1030 1361 1056 Actum
1383 1029 1486 1061 Reate,
1509 1030 1534 1055 in
1555 1029 1689 1055 domibus
1704 1030 1731 1055 in
1748 1030 1853 1064 quibus
1868 1030 1993 1064 prefatus
2012 1030 2145 1057 dominus
2166 1039 2215 1056 ca-

1254 1079 1393 1105 merarius
1419 1078 1591 1109 morabatur,
1621 1078 1802 1111 presentibus
1826 1079 1940 1105 domino
1968 1078 2154 1113 Raynuccino
2179 1079 2213 1105 de

1253 1127 1362 1159 Murro,
1376 1127 1492 1153 domino
1504 1126 1629 1152 Henrico
1641 1127 1674 1151 de
1689 1126 1777 1152 Laba-0
1793 1127 1954 1161 capellanis,
1974 1128 2109 1161 magistro
2126 1127 2213 1153 Paulo

1253 1176 1287 1202 de
1305 1176 1394 1202 Reate
1410 1175 1513 1202 clerico
1530 1184 1641 1201 camere
1657 1174 1764 1200 domini
1781 1184 1860 1209 pape,
1877 1175 1990 1201 domino
2005 1175 2112 1201 Tlioma
2126 1175 2214 1201 milite

1253 1229 1282 1251 et
1304 1224 1451 1251 Manli-edo
1475 1223 1583 1250 domini
1608 1223 1733 1250 Pandulti
1760 1223 1793 1250 de
1821 1223 1924 1254 Labi-0,
1951 1223 2034 1250 Petro
2056 1223 2158 1250 Cimini
2180 1224 2214 1250 de

1255 1274 1356 1306 Reate,
1375 1274 1512 1307 magistro
1532 1272 1686 1298 Benedicto
1703 1273 1736 1298 de
1753 1272 1889 1298 Sulmoua
1907 1277 1933 1298 et
1950 1272 2106 1299 Cristol'oro
2123 1272 2216 1298 Bene-

1253 1323 1323 1349 dicti
1338 1323 1372 1349 de
1389 1322 1484 1355 Senis,
1499 1322 1633 1347 testibus.

1288 1371 1359 1398 Item
1372 1379 1459 1400 anno,
1473 1370 1620 1403 inditione,
1635 1370 1799 1404 pontificatu
1814 1374 1841 1396 et
1853 1370 1914 1396 loco
1927 1370 2071 1405 predictis,
2085 1370 2214 1404 ejusdem

1255 1421 1363 1446 mensis
1384 1419 1449 1454 julii
1471 1419 1516 1445 die
1539 1425 1620 1445 sexto
1645 1420 1791 1451 intrantis,
1818 1420 1843 1444 in
1869 1420 2011 1453 presentia
2035 1420 2088 1445 mei
2116 1419 2216 1445 notarii

1253 1475 1279 1496 et
1297 1469 1414 1496 testium
1432 1469 1671 1502 subscriptorum,
1691 1468 1866 1502 Raynatdus,
1885 1468 2063 1500 Callararius,
2080 1468 2215 1494 Fet-rane-

1255 1520 1315 1544 rius
1335 1522 1363 1544 et
1385 1517 1548 1543 Favaronus
1573 1518 1687 1543 tratres,
1712 1517 1759 1542 filii
1781 1517 1923 1551 quondam
1944 1517 2049 1542 domini
2071 1516 2215 1543 ott-educit

1253 1567 1287 1593 de
1304 1566 1430 1593 Min-anda
1449 1565 1618 1592 Nat-niensis
1639 1567 1774 1596 diocesis,
1791 1570 1817 1591 et
1835 1565 1960 1591 Pellinns
1984 1565 2058 1591 filius
2074 1565 2214 1599 quondam

1253 1615 1406 1644 «Iohannis,
1425 1623 1512 1649 nepos
1529 1614 1594 1639 licii
1612 1614 1717 1639 domini
1740 1613 1885 1640 Ofreducii
1901 1613 1936 1639 de
1954 1613 2088 1642 >lii-anda,
2107 1615 2216 1640 consti-

1254 1666 1307 1690 tuti
1330 1672 1425 1690 coram
1449 1663 1599 1688 venerabili
1625 1663 1682 1688 viro
1706 1663 1842 1696 magistro
1864 1662 1980 1688 Nicotm
1997 1663 2030 1688 de
2048 1662 2149 1688 Trebis
2165 1662 2215 1688 do—

1256 1714 1323 1739 mini
1349 1721 1418 1747 pape
1442 1713 1609 1741 camerario,
1627 1719 1678 1737 sua
1698 1716 1855 1745 spontanea
1880 1717 1906 1736 et
1933 1712 2044 1745 propria
2071 1719 2103 1736 ac
2130 1711 2216 1736 libem

1255 1763 1411 1793 voluntate,
1427 1770 1480 1786 non
1495 1760 1586 1787 coacti
1604 1761 1645 1786 vel
1667 1760 1730 1785 dolo
1747 1760 1864 1787 inducti,
1883 1760 2002 1794 quilibet
2014 1768 2112 1786 eorum
2129 1760 2155 1786 in
2172 1768 2216 1785 so—

1254 1811 1341 1836 lidum
1360 1815 1602 1843 recognoscentes
1619 1809 1706 1835 libere
1727 1813 1754 1835 et
1773 1817 1911 1843 expresse
1926 1809 2002 1842 quod
2019 1809 2217 1842 progenitores

1257 1868 1355 1886 eornm
1372 1859 1514 1892 qnondam
1530 1858 1634 1884 domini
1651 1858 1738 1883 castri
1753 1857 1880 1883 Mirande
1895 1857 1969 1883 dicte
1985 1857 2108 1883 diocesis
2124 1859 2216 1890 ipsum
2251 1854 2257 1859 “

1254 1914 1378 1934 castrum
1395 1916 1459 1934 cuin
1477 1907 1591 1941 juribus
1606 1911 1633 1932 et
1651 1907 1830 1941 pertinentiis
1843 1907 1916 1934 suis,
1931 1912 1959 1932 et
1975 1912 2067 1932 cetera
2086 1911 2217 1940 utsupra

1256 1957 1398 1991 proxime,
1423 1964 1512 1990 usqne
1538 1966 1586 1990 pru
1611 1958 1700 1989 pretio
1721 1960 1747 1981 et
1773 1955 1886 1981 nomine
1910 1955 1991 1988 pretii
2015 1960 2215 1981 sexcentorum

1254 2005 1401 2039 sexaginta
1420 2013 1469 2030 sex
1492 2004 1664 2030 ssot-enorum
1682 2007 1709 2029 et
1725 2004 1844 2029 duarum
1864 2004 1985 2037 partium
2011 2004 2095 2030 unius
2118 2004 2217 2030 florent

1254 2055 1324 2080 auri.
1339 2054 1420 2085 Quod
1435 2054 1555 2088 pretium
1569 2053 1693 2078 confessi
1706 2052 1831 2079 suerunt,
1842 2058 1868 2078 et
1881 2058 1975 2078 cetera
1987 2058 2015 2078 nt
2027 2061 2114 2086 supra
2127 2061 2217 2087 usque

1255 2105 1281 2129 in
1301 2103 1396 2129 finem.
1420 2102 1454 2128 Et
1477 2102 1678 2128 nichilominus
1695 2101 1789 2127 dictus
1811 2101 1937 2127 Pellinus
1955 2101 2021 2135 quia
2044 2106 2103 2127 erat
2127 2102 2218 2127 minor

1254 2153 1354 2187 viginti
1370 2153 1497 2186 quinque
1514 2151 1596 2176 annis
1611 2151 1716 2184 juravit
1733 2151 1916 2184 corporaliter
1933 2155 2007 2176 tacto
2027 2151 2096 2176 libro
2113 2151 2216 2176 dictam

1255 2201 1446 2227 venditionem
1465 2205 1492 2226 et
1513 2200 1607 2225 omnia
1628 2206 1656 2225 et
1672 2200 1786 2233 singula
1803 2201 1997 2234 suprascripta
2018 2205 2075 2226 rata
2095 2204 2122 2226 et
2138 2205 2217 2234 grata

1255 2251 1358 2276 habere
1381 2256 1407 2276 et
1432 2254 1531 2275 contra
1554 2257 1584 2274 ea
1609 2258 1662 2274 nou
1689 2249 1785 2274 venire
1805 2257 1985 2282 quacumque
2006 2249 2157 2274 occasione
2173 2250 2216 2274 vel

1255 2308 1352 2325 causa.
1371 2299 1477 2324 Actum
1493 2297 1593 2324 Reate.
1610 2298 1636 2322 in
1652 2298 1784 2323 dominns
1799 2301 1826 2323 et
1839 2302 1930 2322 cetera
1947 2301 1977 2322 nt
1991 2305 2086 2331 snpra,
2101 2306 2217 2331 presen-

1255 2347 1333 2374 tibus
1359 2347 1496 2376 mazistro
1519 2346 1627 2372 Jacotm
1652 2347 1686 2371 «le
1717 2346 1816 2371 Parma
1846 2346 1948 2371 clerico
1975 2354 2103 2377 camere,
2132 2347 2217 2372 fratre

1254 2395 1385 2422 Johanne
1402 2395 1546 2421 Mackario
1566 2395 1739 2420 marescalco
1760 2395 1875 2427 familie,
1894 2393 2094 2420 Bartholomeo
2117 2393 2217 2421 Jacobi

1254 2444 1532 2474 Romani‚Jol1anne
1547 2444 1653 2469 Basilis
1669 2443 1703 2468 <le
1722 2443 1796 2469 Urbe
1811 2443 2004 2469 servientibus
2015 2443 2120 2469 domini
2136 2452 2216 2478 pape,

1255 2495 1370 2520 domino
1392 2493 1523 2519 Johanne
1548 2492 1622 2518 dicto
1646 2494 1680 2517 nle
1702 2493 1802 2525 spata,
1825 2492 1940 2518 domino
1966 2492 2088 2518 Henrico
2110 2492 2217 2519 domini

1255 2543 1402 2578 Raynerii‚
1419 2542 1534 2568 domino
1551 2541 1638 2567 Paulo
1653 2541 1754 2567 ‹lat-obi
1772 2541 1944 2574 Makaragni.
1963 2542 2077 2567 domino
2093 2541 2216 2568 Heni-ico

1255 2591 1361 2618 domini
1380 2590 1458 2616 Pauli
1476 2590 1588 2616 civibus
1605 2589 1890 2623 lutet-:mtpnensibus
1906 2594 1933 2615 et
1949 2589 2105 2616 Cristoforo
2123 2589 2217 2616 Bene-

1255 2641 1324 2667 dicti
1340 2639 1374 2666 de
1390 2639 1486 2672 Senis,
1503 2639 1627 2665 testibus
1643 2639 1674 2663 ad
1695 2640 1746 2664 nec
1764 2638 1881 2672 rogatis.

1290 2688 1361 2715 Item
1378 2696 1461 2719 auno,
1484 2687 1632 2720 inditione,
1651 2688 1814 2720 pontificatu
1832 2692 1859 2712 et
1875 2687 1937 2713 loco
1954 2687 2099 2721 predictis,
2116 2696 2217 2721 supra-

1255 2738 1353 2771 scripti
1371 2737 1479 2762 mensis
1491 2736 1557 2770 julii
1573 2736 1617 2761 die
1636 2735 1705 2761 XIII
1730 2735 1869 2767 intrantis,
1887 2736 1914 2762 in
1933 2737 2075 2769 presentia
2092 2737 2146 2762 mei
2164 2745 2216 2762 no-

1255 2786 1319 2812 tarii
1348 2790 1375 2811 et
1405 2786 1521 2811 testium
1552 2785 1780 2818 subscripturum
1793 2806 1799 2817 ,
1828 2784 1930 2810 Petrus
1954 2784 2084 2811 Martucii
2109 2778 2216 2811 domini

1255 2834 1381 2860 Simonis
1397 2833 1537 2868 quondam
1555 2833 1588 2858 de
1608 2833 1695 2858 itit-an
1709 2833 1734 2858 ia
1749 2833 1890 2858 curatorio
1909 2834 2021 2858 nomine
2039 2834 2129 2867 ipsius
2144 2833 2216 2860 Klar-

1254 2883 1322 2908 tucii
1341 2883 1426 2916 patris
1443 2881 1486 2907 sni
1504 2881 1550 2914 qni
1570 2891 1622 2906 :ton
1641 2887 1682 2906 «nst
1704 2889 1822 2915 campos
1844 2881 1889 2906 sui
1907 2890 2015 2906 recator.
2039 2888 2064 2907 et
2081 2890 2133 2908 suo
2153 2892 2216 2914 pro-

1255 2939 1363 2965 prinae
1382 2930 1575 2964 procuratorio
1593 2930 1706 2955 numine
1729 2930 1893 2963 Sytnonectt
1916 2929 2008 2956 fratris
2030 2930 2091 2958 sui,
2117 2937 2144 2956 ut
2165 2932 2215 2957 ltec

1254 2984 1391 3013 apparent
1413 2986 1461 3012 per
1484 2978 1593 3012 publica
1619 2978 1806 3002 instrumenta
1830 2986 1843 3001 :1
1868 2986 1910 3002 me
1927 2979 2035 3003 notario
2051 2979 2215 3013 subscripto
