2392 3571
648 351 697 379 LE
722 351 865 379 LIBER
889 349 1121 379 CENSUUM
1146 349 1200 378 DE
1225 344 1410 378 L'EGLISE
1434 350 1641 379 ROMAINE.
2132 355 2190 385 559

136 414 200 441 tuit.
218 413 252 440 Et
268 415 413 440 concessit
432 415 457 440 ei
479 414 596 440 liberam
618 418 787 448 potestatem
810 415 933 441 intrandi
958 419 986 441 et
1011 415 1105 449 possi-

136 461 220 488 dendi
239 470 284 488 res
302 462 443 496 predictas
465 470 517 488 sua
536 463 684 489 actoritate
705 467 732 489 ct
755 464 890 498 quicquid
909 464 964 490 sibi
985 464 1105 497 suisque

136 511 291 537 heredibus
308 515 335 537 ct
350 511 572 537 successoribus
587 514 613 537 et
632 512 679 537 cui
697 520 741 537 res
758 513 836 545 ipsas
852 512 965 545 elargiri
982 511 1106 537 voluerit

136 568 171 585 ex
195 559 237 585 eis
261 559 286 585 in
311 563 481 594 perpetuum
507 560 646 594 placuerit
671 560 801 586 faciendi.
819 560 881 592 Que
897 560 992 585 omnia
1007 567 1105 593 seper

135 608 349 642 stipulationem
367 616 417 642 per
432 616 463 633 se
479 611 507 633 et
525 608 646 634 heredes
662 612 689 633 ot
705 615 893 633 successores
910 615 981 633 suos
1003 611 1062 632 rata
1078 610 1106 632 et

136 655 217 682 firma
234 664 348 690 semper
370 656 473 681 habere
496 659 524 681 et
546 659 645 682 contra
662 664 715 681 non
735 655 830 681 venire
849 656 990 689 promisit.
1007 655 1038 681 Si
1053 663 1105 681 au-

136 707 192 730 tem
209 704 261 730 liec
278 705 372 730 omnia
387 707 415 729 et
429 704 543 737 singula
558 712 612 730 non
625 704 822 730 observaverit
834 711 885 729 seu
898 707 997 730 contra
1009 704 1105 729 venire

135 753 359 787 presumpserit,
382 752 518 785 obligavit
540 760 571 777 se
595 755 622 778 et
646 760 834 778 successores
854 755 881 777 et
899 751 1018 778 heredes
1035 759 1106 778 suos

135 801 233 826 sibiet
249 800 471 826 successoribus
494 801 556 826 suis
578 804 606 826 et
626 800 673 826 cui
697 800 793 834 largiri
811 800 933 826 voluerit
952 801 979 826 in
1004 808 1104 834 penam

135 848 214 882 dupli
237 856 332 874 rerum
355 848 509 874 earundem
530 848 714 881 solvendam,
737 856 793 882 qua
818 849 912 874 soluta
935 848 988 874 hec
1011 848 1106 874 omnia

135 900 273 931 perpetuo
300 896 504 922 nichilominus
526 896 607 922 firma
633 896 799 930 persistant.
825 895 948 930 Insuper
974 896 1106 930 promisit

136 952 186 979 per
201 944 416 979 stipulationem
438 943 513 978 quod
535 953 583 970 res
605 944 684 978 ipsas
706 945 748 970 vel
769 944 880 979 aliquas
901 945 1027 978 ipsarum
1050 952 1106 970 non

135 992 251 1018 donavit
268 1000 320 1018 nec
335 992 469 1018 alienavit
486 1000 538 1018 nec
553 992 691 1026 obligavit
704 992 789 1018 alicui
802 1000 855 1018 nec
869 1000 902 1018 ex
917 992 959 1018 eis
975 995 1106 1018 contrac-

135 1044 195 1067 tum
211 1041 334 1074 aliquem
351 1041 428 1068 fecit.
445 1040 527 1072 Quod
545 1040 570 1067 si
585 1044 683 1066 contra
699 1040 754 1066 hoc
772 1040 876 1066 factum
895 1041 985 1066 fuisse
1002 1048 1105 1074 reppe-

136 1090 235 1121 rietur,
256 1089 394 1123 obligavit
409 1097 440 1116 se
461 1089 554 1115 eidem
570 1092 598 1115 et
614 1089 837 1115 successoribus
850 1089 915 1122 ejus
931 1092 958 1115 et
973 1088 1019 1115 cui
1036 1096 1107 1115 con-

135 1137 237 1164 cedere
254 1138 298 1164 vel
314 1138 429 1172 elargiri
446 1137 568 1164 voluerit
588 1137 615 1164 in
639 1145 741 1172 penam
764 1137 952 1163 ducentarum
970 1137 1106 1163 librarum

135 1186 318 1212 denariorum
340 1189 469 1219 senatus,
487 1189 514 1212 et
529 1185 651 1220 dampna
663 1207 669 1219 ,
686 1189 877 1220 expensas·et
893 1185 1036 1211 interesse
1050 1193 1107 1219 que

135 1235 231 1268 ipsum
248 1234 292 1260 vel
308 1234 355 1260 cui
376 1234 450 1260 bona
470 1234 532 1268 ipsa
552 1233 721 1260 devenerint
737 1235 884 1260 incurrere
902 1234 1020 1268 proinde
1036 1242 1106 1260 con-

136 1284 260 1317 tingeret
276 1282 331 1308 sibi
354 1283 480 1317 plenarie
503 1286 665 1308 restaurare
688 1282 831 1317 promisit,
855 1282 998 1309 credendo
1014 1282 1048 1308 de
1064 1283 1107 1308 eis

136 1331 262 1366 simplici
278 1331 365 1357 verbo
382 1338 435 1357 suo
451 1331 514 1357 sine
530 1339 616 1356 onere
629 1331 787 1365 juramenti
806 1331 850 1357 vel
866 1331 985 1357 alterius
1003 1331 1106 1365 proba-

136 1380 234 1412 tionis,
251 1383 279 1405 et
295 1379 389 1414 ipsum
411 1379 445 1405 de
468 1380 619 1413 premissis
634 1383 662 1405 et
677 1387 868 1406 successores
884 1387 954 1406 suos
970 1383 997 1406 et
1012 1379 1059 1405 cui
1075 1388 1107 1406 ea

135 1427 295 1455 concedere
321 1427 443 1454 voluerit
469 1429 585 1462 penitus
610 1436 725 1454 servare
757 1427 926 1462 indempnes
951 1428 1004 1454 sub
1034 1427 1107 1454 obli-

136 1477 251 1511 gatione
268 1476 408 1502 bonorum
426 1484 556 1502 suorum.
582 1477 688 1502 Actum
711 1477 738 1502 in
755 1484 869 1502 camera
884 1476 993 1502 domini
1009 1484 1107 1502 caine-

137 1525 203 1551 rarii
229 1525 324 1558 palatii
340 1524 555 1558 Lateranensis,
575 1525 759 1559 presentibus
779 1525 917 1559 magistro
940 1524 1059 1551 Dondeo
1080 1528 1108 1550 et

137 1573 274 1607 magistro
291 1573 412 1599 Martino
429 1573 560 1606 clericis,
585 1573 669 1599 fratre
687 1573 837 1608 Raynucio
854 1581 974 1607 capsore
994 1581 1107 1599 camere

136 1625 164 1648 et
179 1622 316 1656 magistro
334 1622 476 1648 Amatone
492 1622 631 1648 familiare
648 1621 754 1648 domini
770 1630 853 1657 pape,
870 1622 1007 1656 magistro
1022 1620 1107 1648 Petro

136 1670 172 1697 de
188 1670 311 1705 Piperno
325 1674 353 1696 et
368 1670 493 1704 dompno
509 1670 593 1696 Petro
608 1670 709 1697 Vitella
727 1670 841 1696 clericis
856 1670 963 1696 domini
979 1678 1107 1696 camera-

137 1719 180 1750 rii,
193 1722 221 1745 et
237 1718 355 1745 Nicolao
372 1718 408 1744 de
424 1718 547 1744 Mallono
563 1718 701 1745 hostiario
715 1727 838 1750 camere,
852 1719 960 1752 rogatis
973 1718 1106 1744 testibus.

173 1766 207 1793 Et
229 1775 283 1801 ego
304 1766 444 1793 Nicotaus
464 1766 637 1793 Ferentinus
662 1770 762 1792 sancte
785 1766 914 1793 Romane
936 1767 1058 1793 ecclesie
1081 1769 1109 1791 et

137 1823 249 1842 camere
270 1815 378 1841 domini
401 1823 472 1849 pape
493 1815 675 1846 scriniarius,
694 1816 743 1850 qui
760 1815 815 1841 hiis
841 1815 957 1842 interfui
980 1818 1107 1849 rogatus

138 1864 191 1890 hec
206 1864 233 1890 in
252 1864 394 1898 publicam
412 1863 532 1890 formam
548 1864 652 1898 scripsi
669 1866 697 1889 et
718 1864 834 1898 signum
850 1864 916 1890 feci.

104 2003 277 2038 [CCXCIVJ.
306 2018 339 2024 —
361 2003 497 2030 Vanum-io
524 2012 690 2033 anonumum
716 2012 843 2031 nomnen
869 2013 901 2030 ετ
927 2012 1020 2030 iunium
1044 2011 1109 2030 cas·-

136 2061 245 2080 rnonuu
266 2051 381 2079 PALiAru
404 2060 435 2078 ετ
456 2051 624 2078 sannomst.

172 2154 191 2186 †
206 2152 238 2179 In
260 2153 375 2179 nomine
396 2153 503 2179 domini
525 2153 616 2179 nostri
637 2152 710 2179 Jesu
729 2152 845 2179 Christi.
869 2153 954 2179 Anno
976 2152 1108 2186 ejusdem

138 2200 382 2227 MCGXXXVIII
396 2223 402 2233 ,
434 2201 618 2236 pontificatus
648 2200 757 2228 domini
781 2201 913 2235 Gregorii
944 2209 1015 2235 pape
1041 2201 1109 2227 noni

137 2258 212 2276 anno
229 2249 283 2280 XI,
301 2249 457 2276 indictione
475 2249 532 2282 XI,
552 2258 650 2276 mense
666 2249 803 2276 februarii
824 2249 870 2275 die
891 2248 985 2276 VIIII.
1010 2248 1110 2275 Domi-

140 2307 195 2325 nus
215 2298 353 2325 Nicolaus
375 2299 515 2333 Raynaldi
541 2299 576 2325 de
600 2299 716 2325 Paliano
736 2299 810 2326 bona
833 2308 885 2325 sua
906 2299 1052 2327 voluntate
1074 2299 1108 2326 ab

139 2348 193 2374 hac
215 2347 260 2373 die
281 2347 408 2382 presenti
432 2347 561 2374 vendidit
581 2352 609 2374 et
632 2348 695 2374 sine
716 2347 810 2382 aliqua
830 2347 1000 2374 condicione
1021 2347 1110 2374 cessit

139 2395 227 2422 libere
242 2399 270 2422 et
286 2395 402 2422 tradidit
418 2395 535 2421 domino
550 2395 677 2422 Johanni
693 2395 727 2422 de
745 2395 898 2422 Ferentino
913 2396 1020 2423 domini
1037 2404 1109 2431 pape

138 2443 295 2470 camerario
313 2443 464 2478 recipienti
486 2444 602 2470 nomine
623 2444 732 2470 domini
748 2452 819 2478 pape
841 2453 890 2479 pro
909 2444 1032 2471 ecclesia
1048 2444 1109 2471 Ro-

140 2500 223 2519 mana
234 2491 329 2518 omnia
341 2492 416 2517 bona
430 2499 492 2522 sua,
510 2492 622 2518 stabilia
636 2495 665 2518 et
678 2492 845 2526 immobilia,
859 2493 935 2519 culta
951 2496 979 2519 et
989 2493 1107 2527 inculta,

139 2539 274 2566 videlicet
289 2539 401 2571 domos,
416 2542 516 2569 terras,
534 2539 646 2574 vineas,
662 2543 749 2571 ortos,
769 2540 866 2573 silvas,
883 2549 1000 2575 pascua,
1018 2544 1108 2576 prata,

139 2587 234 2614 fontes
249 2590 277 2613 et
293 2587 389 2613 onmia
400 2587 467 2620 jura
484 2590 511 2613 et
527 2589 655 2614 actiones
670 2591 698 2614 et
714 2589 850 2622 rationes,
867 2589 958 2615 reales
972 2592 1000 2615 et
1017 2597 1110 2624 perso-

142 2735 167 2760 1.
183 2734 198 2761 8
214 2733 319 2760 ferrier
336 2733 415 2759 1238.
430 2746 466 2752 —
481 2732 599 2758 Nicolas
615 2732 748 2758 Rainaldi
765 2732 837 2758 vend
854 2741 890 2759 au
910 2733 1108 2768 Saint-Siege,

105 2784 271 2817 represente
292 2789 342 2816 par
360 2780 432 2807 Jean
454 2780 489 2806 de
512 2779 678 2813 Ferentino,
695 2780 834 2806 carnei-ier
850 2780 884 2806 de
899 2780 1037 2815 Gregoire
1053 2781 1109 2813 IX,

105 2834 172 2857 tous
195 2830 237 2856 les
258 2830 339 2855 biens
362 2833 390 2854 et
412 2828 503 2854 droits
523 2828 593 2862 qu'it
613 2828 736 2862 possede
759 2829 774 2854 a
800 2828 914 2855 Paliano
930 2833 958 2855 et
975 2829 1107 2862 Serrone,

106 2887 179 2914 pour
195 2886 251 2904 une
269 2885 380 2904 somme
402 2876 437 2902 de
462 2877 510 2902 142
527 2877 625 2903 livres.
642 2890 675 2896 --
691 2875 772 2902 Cette
790 2877 868 2911 piece
889 2882 932 2903 est
950 2886 1004 2903 une
1021 2882 1110 2905 attes-

105 2927 194 2954 tation
209 2926 244 2952 de
261 2926 341 2952 l’acte
356 2925 426 2951 dont
439 2925 463 2950 la
477 2925 576 2951 charte
590 2924 723 2951 suivante
738 2927 904 2959 represente
916 2925 1111 2953 I'instrument

106 2978 289 3010 proprement
304 2974 355 3001 dit.

1223 415 1312 447 nales,
1332 415 1415 440 utiles
1431 419 1458 440 et
1475 415 1611 447 directas,
1630 417 1729 443 tacitas
1750 421 1777 443 et
1798 426 1962 452 expressas,
1979 427 2050 453 quas
2067 420 2191 447 habebat

1223 463 1267 488 vel
1285 463 1388 488 habere
1407 467 1503 496 posset
1517 467 1544 489 et
1559 464 1592 488 ad
1610 473 1674 490 eum
1692 466 1862 499 spectabant
1879 467 1904 492 in
1923 467 2009 493 rebus
2025 469 2187 494 communi—

1223 511 1277 536 bus
1293 515 1320 536 et
1338 510 1456 544 privatis
1473 520 1523 537 seu
1542 513 1715 546 specialilius
1732 518 1760 539 ct
1779 515 1917 545 vassallis,
1937 516 1962 541 in
1981 524 2063 542 rocca
2079 520 2107 542 et
2122 525 2187 543 cas-

1223 563 1266 584 tro
1285 558 1391 584 l‘aliani
1407 563 1434 584 et
1458 568 1540 585 rocca
1560 564 1588 585 et
1604 566 1698 586 castro
1716 561 1849 588 Serronis
1867 567 1894 589 et
1916 564 2067 590 territoriis
2084 573 2188 591 eorun-

1223 607 1286 633 dem
1301 615 1365 633 cuui
1381 607 1516 633 omnibus
1528 609 1590 634 suis
1607 609 1778 636 utilitatibus
1791 614 1817 636 et
1831 612 2023 645 pertiuentiis,
2037 622 2085 646 pro
2099 614 2188 647 pretio

1223 658 1338 680 centum
1362 655 1549 688 quadraginta
1570 656 1689 682 duarum
1713 658 1848 684 librarum
1870 659 2049 685 denariorum
2070 664 2189 687 senatus

1223 712 1296 738 quas
1317 704 1351 729 ab
1373 712 1406 729 eo
1427 704 1581 730 consessus
1605 706 1656 732 fuit
1673 714 1704 732 se
1725 707 1869 741 recepisse
1885 711 1913 733 et
1929 709 1984 734 sibi
2001 709 2072 734 bene
2090 718 2189 735 nume-

1224 756 1300 778 ratas
1316 756 1343 777 et
1359 752 1469 778 solutas
1491 761 1555 778 esse
1567 774 1572 783 ‚
1593 755 1759 780 renuntians
1781 764 1835 781 non
1861 761 2006 782 numerate
2023 760 2050 782 et
2067 765 2121 783 non
2140 765 2188 783 so-

1224 801 1282 826 lute
1305 801 1426 834 pecunie
1450 802 1610 835 exceptioni
1635 806 1662 827 ct
1684 803 1760 828 omni
1784 804 1856 836 juris
1879 805 1985 830 auxilio
2011 806 2140 831 canonici
2162 810 2190 832 et

1224 848 1317 874 civilis
1334 853 1361 874 et
1377 850 1580 875 consuetudini
1598 858 1648 875 sen
1666 854 1772 876 statuto
1783 851 1838 877 sibi
1855 860 1942 886 super
1960 853 2013 879 hoc
2026 853 2098 879 facto
2114 862 2190 880 com-

1224 897 1348 931 petenti,
1366 901 1394 923 et
1415 897 1490 930 quod
1514 898 1578 931 plus
1600 898 1688 924 valuit
1709 900 1733 924 ei
1755 899 1880 927 donavit.
1898 900 1932 926 Et
1952 902 2097 928 concessit
2113 903 2138 928 ci
2155 903 2189 928 ab

1225 946 1278 972 hac
1298 945 1343 970 die
1366 946 1391 970 in
1416 949 1498 970 antea
1516 945 1685 977 dominium,
1704 948 1906 981 prosu-ietatem
1928 952 1955 975 et
1975 951 2189 983 possessionem

1225 993 1364 1020 dictarum
1382 1002 1488 1025 reruni,
1513 1002 1579 1019 cum
1603 998 1742 1027 potestate
1763 995 1886 1021 intrandi
1909 1000 1936 1022 et
1957 997 2120 1030 possidendi
2137 1007 2190 1024 sua

1224 1043 1383 1073 actoritate,
1401 1050 1434 1068 ac
1457 1042 1577 1068 faciendi
1601 1043 1693 1077 accipi
1709 1047 1736 1069 et
1753 1044 1843 1069 teneri
1859 1053 1908 1078 pro
1924 1053 1975 1070 sue
1995 1045 2074 1071 libitu
2093 1046 2190 1072 volun-

1225 1090 1301 1122 tans,
1319 1098 1392 1124 quas
1409 1098 1454 1116 res
1471 1098 1502 1116 se
1518 1091 1582 1124 ejus
1600 1091 1712 1117 nomine
1729 1093 1856 1125 precario
1871 1093 2019 1119 constituit
2032 1094 2188 1128 possidere,

1224 1139 1316 1165 donec
1343 1140 1557 1173 possessionem
1583 1148 1680 1166 earum
1710 1149 1805 1166 rerum
1833 1143 1976 1176 acceperit
2003 1143 2190 1176 corporalem.

1225 1187 1401 1213 Promittens
1425 1195 1455 1213 se
1472 1188 1545 1213 hanc
1567 1187 1771 1221 venditionem,
1788 1188 1968 1215 donationem
1986 1194 2012 1215 et
2028 1190 2189 1216 cessionem

1224 1236 1336 1262 firmam
1352 1236 1380 1261 in
1399 1239 1569 1270 perpetuum
1587 1240 1684 1262 tenere
1701 1245 1753 1262 nec
1768 1241 1864 1263 contra
1883 1246 1932 1271 per
1947 1246 1977 1264 se
1990 1239 2030 1264 vel
2046 1247 2095 1273 per
2105 1239 2191 1264 alium

1225 1285 1322 1310 venire
1340 1284 1384 1310 vel
1401 1284 1494 1310 facere
1510 1285 1604 1318 aliqua
1619 1285 1770 1311 occasione
1786 1286 1829 1311 vel
1853 1287 2036 1320 exceptione,
2054 1290 2096 1312 set
2114 1287 2192 1320 ipsas

1225 1340 1272 1358 res
1289 1340 1338 1367 per
1355 1341 1385 1358 se
1405 1336 1433 1358 et
1456 1341 1526 1359 suos
1548 1332 1668 1358 heredes
1691 1336 1719 1359 et
1741 1341 1929 1360 successores
1947 1334 2062 1360 domino
2079 1343 2149 1368 pape
2165 1338 2194 1360 et

1225 1381 1341 1407 domino
1358 1382 1514 1407 camerario
1526 1385 1665 1407 eteorum
1682 1382 1830 1407 catholicis
1844 1382 2066 1408 successoribus
2083 1391 2133 1417 pro
2148 1391 2193 1409 ec-

1225 1430 1313 1456 clesia
1338 1429 1467 1456 Romana
1490 1430 1525 1455 ab
1547 1430 1624 1455 omni
1646 1430 1761 1456 homine
1782 1430 1933 1456 defendere
1956 1434 1984 1456 et
2010 1438 2124 1456 servare
2149 1431 2194 1456 in-

1225 1478 1389 1512 dempnem.
1407 1478 1553 1504 Asserens
1577 1481 1604 1504 et
1627 1479 1796 1512 promittens
1818 1478 1894 1512 quod
1911 1487 1956 1504 res
1980 1479 2041 1513 ipse
2063 1487 2113 1505 seu
2128 1480 2194 1513 jura

1225 1535 1278 1553 sua
1294 1534 1381 1561 super
1396 1527 1439 1552 eis
1457 1526 1524 1552 nulli
1547 1530 1613 1552 sunt
1631 1526 1734 1552 donata
1751 1534 1803 1552 nec
1824 1534 1906 1552 cessa
1924 1535 1975 1553 nec
1993 1527 2122 1560 alienata,
2142 1535 2194 1553 nec

1226 1583 1261 1601 ex
1278 1574 1320 1601 eis
1335 1578 1515 1601 contractum
1538 1574 1650 1608 aliquod
1673 1574 1797 1606 sactum,
1818 1583 1870 1600 nec
1891 1575 1925 1600 de
1941 1575 2075 1601 omnibus
2092 1583 2144 1601 nec
2159 1574 2193 1600 de

1226 1623 1370 1657 aliquibus
1382 1622 1549 1649 eorundem.
1561 1622 1642 1654 Quod
1653 1622 1676 1648 si
1691 1626 1790 1648 contra
1802 1623 1855 1649 hoc
1866 1623 1971 1649 factum
1989 1623 2078 1649 fuisse
2091 1631 2193 1658 reppe-

1226 1666 1325 1705 rietur,
1339 1671 1485 1705 daImena
1501 1679 1644 1704 expensis
1656 1675 1683 1697 et
1696 1673 1837 1697 interesse
1853 1680 1908 1705 que
1926 1671 2084 1698 Romanam
2101 1672 2194 1698 eccle-

1226 1721 1297 1747 siam
1317 1720 1435 1755 proinde
1456 1721 1636 1754 contingeret
1658 1721 1804 1746 incurrere
1820 1720 1874 1746 sibi
1891 1721 2016 1754 plenarie
2033 1724 2194 1747 restaurare

1227 1769 1358 1804 promisit
1382 1772 1410 1795 et
1433 1777 1494 1794 eam
1518 1769 1634 1803 penitus
1654 1777 1768 1794 servare
1791 1768 1986 1803 indempnem.
2011 1768 2065 1795 Pro
2088 1769 2195 1803 quibus

1227 1817 1362 1844 omnibus
1383 1816 1564 1843 attendendis
1586 1820 1614 1842 et
1636 1816 1823 1842 observandis
1845 1816 1983 1851 obligavit
1998 1825 2047 1852 pro
2066 1816 2196 1843 Romana

1227 1866 1351 1892 ecclesia
1367 1865 1461 1891 omnia
1482 1865 1535 1890 alia
1551 1865 1624 1890 bona
1646 1873 1699 1890 sua
1716 1865 1831 1891 mobilia
1845 1868 1873 1891 et
1888 1865 2045 1891 immobilia
2059 1873 2114 1899 que
2132 1865 2196 1891 ubi-

1227 1922 1351 1948 cumque
1373 1914 1494 1939 habebat
1518 1914 1562 1939 vel
1583 1914 1610 1940 in
1638 1917 1807 1947 perpetuum
1833 1913 1919 1940 fuerit
1939 1913 2091 1940 habiturus
2112 1918 2143 1940 ut
2162 1922 2195 1940 ea

1228 1963 1403 1997 ubicumque
1419 1962 1561 1988 invenerit
1578 1962 1665 1988 libere
1681 1963 1744 1988 sine
1762 1962 1988 1988 contradictione
2006 1962 2130 1996 alicujus
2144 1970 2194 1989 ac-

1227 2013 1323 2047 cipere
1338 2020 1371 2037 ac
1387 2015 1485 2038 tenere
1506 2011 1598 2046 possit
1619 2019 1669 2045 pro
1690 2018 1742 2037 Sue
1763 2011 1842 2038 libitu
1860 2011 2026 2038 voluntatis.
2042 2010 2139 2044 Hujus
2155 2011 2196 2037 rei

1227 2060 1267 2086 hii
1291 2060 1382 2094 rogati
1403 2060 1518 2086 fuerunt
1542 2062 1633 2085 testes
1657 2068 1663 2085 z
1689 2058 1826 2092 magister
1848 2059 1985 2084 Albertus
2009 2062 2037 2085 et
2060 2059 2196 2092 magister

1227 2107 1376 2139 Dondeus,
1402 2107 1498 2133 cleriei
1523 2106 1630 2133 domini
1653 2115 1740 2141 pape;
1764 2106 1867 2132 Petrus
1891 2105 1925 2132 de
1949 2105 2074 2139 Verulis,
2093 2105 2196 2132 Petrus

1227 2156 1262 2183 de
1280 2156 1403 2191 Piperno
1415 2159 1443 2181 et
1456 2155 1559 2181 Petrus
1576 2155 1671 2181 dictus
1686 2154 1789 2181 Vitella
1803 2154 1837 2180 de
1850 2154 1970 2188 Supino,
1981 2155 2076 2180 clerici
2087 2154 2195 2180 domini

1226 2204 1385 2232 camerarii.

1262 2252 1297 2279 Et
1317 2261 1371 2287 ego
1396 2252 1532 2278 Nicolaus
1555 2251 1727 2278 Ferentinus
1747 2255 1845 2278 sancte
1870 2251 1999 2277 Romane
2020 2250 2146 2277 Ecclesic
2167 2255 2196 2277 et

1226 2309 1339 2328 camere
1355 2300 1463 2327 domini
1480 2308 1551 2335 pape
1567 2300 1738 2326 scriniarius
1754 2300 1810 2326 hiis
1826 2299 1943 2325 interfui
1958 2303 1985 2325 et
2002 2302 2121 2333 rogatus
2142 2299 2197 2325 hec

1227 2350 1255 2376 in
1272 2349 1415 2384 publicam
1432 2349 1551 2375 formam
1567 2348 1670 2382 scripsi
1687 2351 1715 2373 et
1731 2348 1846 2381 signum
1864 2347 1928 2374 feci.

1195 2488 1354 2523 [CCXCVl.
1375 2503 1409 2509 -—
1430 2488 1501 2514 Ama
1521 2495 1648 2514 vssnmo
1671 2487 1785 2513 pamm
1808 2495 1839 2512 ET
1859 2486 1993 2513 SERRONIS
2006 2489 2025 2513 ¹.

1262 2592 1281 2624 †
1301 2590 1333 2616 In
1356 2589 1471 2616 nornine
1491 2588 1600 2614 domini
1623 2587 1714 2614 nostri
1733 2586 1806 2613 Jesu
1826 2586 1944 2614 Christi.
1961 2586 2047 2613 Anno
2064 2586 2196 2621 ejusdem

1229 2636 1488 2668 MCCXXXVIII,
1516 2636 1700 2670 pontificatus
1727 2635 1835 2662 domini
1863 2634 1994 2669 Gregorii
2025 2643 2097 2670 pape
2128 2635 2195 2662 noni

1230 2783 1255 2809 1.
1270 2781 1384 2812 Latran,
1399 2781 1413 2808 S
1429 2781 1533 2807 sevrier
1547 2779 1624 2806 1238.
1636 2794 1670 2799 —
1682 2779 1798 2805 Nicolas
1814 2778 1943 2805 Rainaldi
1958 2779 2031 2805 vend
2048 2787 2083 2806 au
2098 2779 2196 2806 Saint-

1193 2831 1288 2865 Siege,
1308 2831 1474 2863 represente
1495 2837 1545 2863 par
1565 2827 1637 2854 Jean
1661 2828 1696 2854 de
1721 2827 1884 2858 Ferentino,
1906 2828 2044 2853 camel-ier
2064 2828 2098 2854 de
2122 2828 2196 2855 Gre-

1193 2879 1272 2914 goire
1288 2878 1331 2904 lx
1342 2898 1348 2909 ,
1368 2882 1433 2904 tous
1449 2885 1497 2903 ses
1514 2877 1595 2903 biens
1611 2879 1639 2902 et
1659 2876 1749 2902 droits
1764 2877 1779 2900 a
1796 2875 1912 2902 Paliano
1928 2880 1956 2902 et
1972 2875 2105 2907 Serrone.
2124 2885 2197 2909 pour

1194 2935 1249 2954 une
1265 2934 1376 2953 somme
1393 2925 1427 2951 de
1446 2925 1494 2951 14⁶2
1517 2925 1621 2956 Iivres;
1638 2932 1672 2950 en
1689 2928 1783 2957 outre,
1802 2924 1817 2949 il
1837 2924 1914 2958 prete
1931 2928 2057 2950 serment
2074 2924 2108 2950 de
2124 2925 2195 2951 fide-

1192 2976 1241 3002 lite
1256 2983 1291 3001 au
1307 2982 1389 3009 pape⁷
1407 2982 1442 3000 en
1457 2973 1564 3008 qualite
1580 2972 1615 2999 de
1631 2973 1736 2998 vassal.
