2392 3571
642 334 692 363 LE
715 333 861 363 LIBER
883 332 1117 363 CENSUUM
1140 333 1196 362 DE
1217 323 1406 363 L'EGLISE
1429 333 1638 364 ROMAINE.
2131 332 2192 364 437

131 409 188 438 pro
204 401 293 429 tertia
310 405 396 438 parte
418 409 435 429 L
457 401 608 429 librarum
626 400 757 436 eiusdem
777 404 891 428 monete
907 400 1032 428 nomine
1047 399 1100 428 do-

135 454 272 482 nationis
287 458 410 491 propter
427 453 562 490 nuptias,
578 461 670 489 quam
687 452 764 481 idem
780 453 930 489 prefectus
945 452 1100 489 predictus

135 506 257 535 domine
282 507 421 544 Purpure
443 507 512 542 fecit
531 492 621 542 atque
640 513 697 542 pro
715 506 854 542 portione
870 505 962 539 nobis,
982 508 1016 532 ut
1035 504 1100 532 dic-

136 564 199 588 tum
218 559 300 596 [est],
326 563 504 596 competente
523 563 642 586 centum
665 558 801 586 aliarum
822 557 972 586 librarum
991 565 1101 594 prove-

135 612 291 640 niensium
308 612 354 640 vel
369 611 598 647 infortiatorum
618 618 694 647 quas
707 609 861 646 predictus
875 609 1027 646 prefectus
1042 608 1101 645 ipsi

133 664 254 692 domine
275 664 416 701 Purpure
434 663 469 692 in
489 671 544 691 suo
564 666 738 690 testamento
760 661 904 697 reliquid.
930 660 1101 695 Quodcum-

133 726 191 754 que
220 718 323 754 itaque
347 717 402 753 jus
429 720 455 744 et
482 723 706 752 quamcumque
735 714 885 742 actionem
910 714 1101 750 personalem

134 775 160 798 et
186 770 219 798 in
245 778 308 798 rem
335 777 386 798 seu
409 768 652 806 ypothecariam,
681 772 743 795 tam
765 768 858 795 etiam
882 766 922 795 ad
948 766 1099 803 aqendum

133 830 226 859 quam
241 821 463 859 accipiendum,
484 820 563 857 quod
581 828 672 857 quam
680 829 710 848 oe
725 820 757 848 in
771 820 911 848 omnibus
927 819 1012 847 rebus
1027 819 1101 848 civi-

135 875 207 904 tatis
223 875 389 903 Castellane
404 874 491 902 intus
509 877 535 902 et
552 873 664 909 deforis
681 877 707 901 et
727 873 823 901 tocius
845 873 1006 901 comitatus
1023 873 1097 909 ejus,

132 932 159 956 et
174 927 358 965 generaliter
379 927 412 955 in
433 926 520 954 omni
540 926 730 963 patrimonio
750 925 867 954 ecclesie
886 925 1017 954 Romane
1036 933 1102 962 spe-

133 981 254 1009 cialiter
270 980 304 1008 in
319 980 468 1014 omnibus,
488 979 523 1007 in
540 979 715 1016 corporibus
732 979 776 1007 vel
791 979 826 1007 in
843 978 1015 1006 actionibus
1030 986 1102 1006 con·

132 1033 250 1061 stitutis
278 1041 334 1069 que
359 1033 487 1068 fuerunt
510 1031 585 1060 olim
609 1031 740 1068 predicti
758 1031 884 1067 prefecti
909 1031 1054 1059 habemus
1076 1035 1103 1059 et

131 1085 304 1123 specialiter
315 1085 462 1113 adversus
477 1083 658 1112 modernum
674 1083 799 1111 Petrum
814 1084 979 1120 prefectum
996 1088 1023 1112 et
1038 1084 1103 1120 ejus

132 1139 245 1174 fratres
270 1142 360 1174 atque
386 1137 533 1166 adversus
561 1136 659 1165 aliam
688 1145 914 1173 quamcumque
939 1145 1102 1173 personam

133 1191 240 1219 habere
263 1198 382 1227 quoquo
403 1189 490 1218 modo
511 1197 676 1226 possemus,
702 1193 833 1226 respectu
855 1189 902 1217 vel
916 1189 990 1226 J'ure
1011 1189 1103 1217 totius

132 1243 283 1281 portionis
300 1247 401 1271 nostre
421 1246 448 1270 et
468 1241 620 1270 dictarum
642 1250 780 1270 sororum
800 1245 974 1270 nostrarum
990 1241 1104 1278 prefise

133 1296 212 1325 dotis
235 1300 260 1324 et
281 1295 457 1324 donationis
476 1299 567 1331 atque
589 1294 693 1331 leqati,
715 1294 891 1329 fructuum,
911 1303 1098 1330 usurarum,

134 1349 182 1378 vel
198 1349 403 1377 accessionum
421 1356 527 1376 eorum
543 1352 569 1376 et
582 1356 667 1384 pene,
686 1348 776 1383 cobis,
796 1352 829 1375 ut
845 1347 961 1376 dictum
979 1352 1030 1382 est,
1047 1356 1103 1385 pro

133 1402 212 1430 dicto
228 1401 351 1429 domino
363 1409 445 1438 papa
465 1404 490 1428 et
511 1400 577 1428 suis
598 1400 815 1428 successoribus
835 1409 869 1428 ac
890 1405 949 1429 tota
968 1401 1104 1429 Romana

134 1455 253 1484 ecclesia
265 1453 478 1491 procuratorio
491 1453 614 1481 nomine
629 1453 808 1488 refutamus,
825 1453 961 1481 cedimus
975 1458 1001 1481 et
1018 1462 1104 1482 man-

135 1508 260 1543 damus.
279 1511 306 1536 et
322 1507 381 1544 [ut]
399 1506 474 1535 utili
486 1506 610 1544 possitis
628 1510 654 1534 et
669 1506 783 1534 directa
802 1506 919 1535 actione
938 1506 1102 1541 intendere,

134 1569 186 1590 vos
200 1560 235 1589 in
251 1569 282 1588 re
294 1559 426 1597 predicti
441 1559 561 1587 domini
574 1566 651 1596 pape
661 1563 888 1595 procuratorem
902 1559 1036 1594 facimus
1049 1567 1105 1596 pro

134 1622 173 1642 xz
191 1613 305 1641 marcis
328 1612 460 1649 arqenti,
483 1620 559 1648 quas
584 1611 667 1639 nobis
689 1610 835 1647 predictis
857 1612 1010 1640 sororibus
1034 1620 1104 1640 cum

135 1666 214 1695 dicto
231 1669 370 1694 curatore
391 1669 494 1693 nostro
513 1668 540 1692 et
558 1664 638 1692 mihi
659 1663 811 1700 Stephano
831 1663 981 1692 Johannis
1004 1665 1106 1693 Crassi

132 1727 189 1756 pro
213 1719 303 1747 dictis
324 1718 546 1756 impuberibus,
569 1726 701 1754 quarum
729 1721 812 1745 tutor
831 1726 914 1753 sum,
939 1726 996 1754 pro
1020 1719 1106 1746 omni

134 1776 236 1801 nostro
249 1773 323 1809 jure
337 1771 451 1808 prefiaee
468 1771 546 1799 dotis
560 1770 580 1800 G
596 1770 750 1798 librarum
765 1770 964 1798 denariorum
978 1771 1104 1808 papien-

134 1824 215 1853 sium
232 1833 288 1861 pro
306 1824 385 1852 dicto
401 1823 615 1860 dominopapa
631 1827 656 1850 et
671 1831 707 1850 ea:
722 1823 786 1859 eJ'us
806 1823 936 1859 pecunia
954 1832 1106 1860 procura-

138 1879 214 1907 torio
239 1878 361 1906 nomine
385 1877 498 1906 decreto
518 1876 728 1914 predictorum
744 1871 889 1912 judicum
912 1876 993 1905 datis
1017 1882 1107 1914 atque

133 1931 322 1968 persolvitis,
343 1935 368 1958 ct
384 1938 439 1967 pro
455 1930 527 1958 aliis
545 1938 575 1957 xx
592 1930 706 1957 marcis
722 1930 843 1965 arqenti
858 1938 934 1966 quas
953 1930 1035 1958 nobis
1048 1939 1106 1966 pa-

138 1983 214 2011 riter
229 1987 262 2011 ut
279 1982 395 2011 dietum
413 1987 454 2010 est
467 1981 548 2010 datis
561 1990 618 2018 pro
633 1981 718 2009 omni
729 1982 802 2017 jure
819 1986 919 2010 nostro
928 1982 1042 2019 prefioee
1053 1983 1107 2011 do-

135 2035 274 2063 nationis
288 2039 379 2071 atque
395 2034 497 2071 Ieyati,
513 2043 544 2062 eo
559 2034 638 2070 quod
654 2034 757 2062 habita
775 2035 892 2062 ratione
907 2034 1105 2063 denariorum

134 2087 329 2125 papiensium
345 2087 384 2115 ad
397 2087 610 2124 provenienses
629 2091 736 2114 veteres
751 2091 777 2114 ct
791 2087 1039 2123 proveniensium
1059 2097 1107 2116 ce-

139 2145 235 2169 terum
258 2140 297 2168 ad
317 2140 529 2176 provenienses
549 2143 671 2167 senatus
692 2139 858 2167 secundum
881 2144 1026 2168 statutam
1043 2141 1108 2176 for-

138 2201 219 2221 mam
238 2193 427 2229 ajudicibus
443 2197 468 2220 et
489 2192 706 2220 mercatoribus
720 2191 814 2223 L'rbis.
833 2192 913 2220 dicta
928 2194 1028 2229 portio
1043 2202 1108 2222 nos-

140 2250 187 2273 tra
209 2245 288 2273 dotis
304 2244 446 2281 predicte,
468 2243 644 2272 donationis
660 2248 686 2271 et
707 2244 798 2280 leyati
819 2253 913 2281 usque
935 2245 975 2273 ad
994 2245 1107 2274 dictam

139 2306 291 2326 summam
318 2305 346 2326 ω
370 2297 570 2325 marcharum
590 2297 712 2332 arpenti
733 2297 926 2332 extenditur;
947 2298 980 2326 de
1001 2299 1110 2335 quibus

140 2350 280 2378 omnibus
295 2354 321 2378 et
338 2349 371 2377 de
387 2349 473 2378 omni
489 2353 590 2377 nostro
602 2349 676 2384 jure
693 2349 827 2386 predicte
842 2349 919 2378 dotis
935 2350 1110 2379 donationis

139 2408 166 2432 et
183 2404 274 2440 Ieyati
294 2411 346 2431 nos
367 2403 437 2431 bene
453 2402 568 2439 quietos
591 2410 732 2430 coeamus
752 2407 778 2431 et
798 2411 859 2431 non
876 2403 971 2432 solute
983 2405 1110 2440 pecunie

139 2465 189 2485 seu
218 2465 277 2484 non
309 2455 422 2483 reddite
445 2455 522 2483 dotis
544 2455 743 2491 exceptionem
773 2456 900 2484 omnino
925 2457 1106 2491 refutamus.

140 2508 268 2545 Ideoque
283 2508 390 2536 amodo
405 2507 506 2536 dictus
521 2507 665 2535 dominus
676 2516 755 2544 papa
767 2512 793 2536 et
807 2516 988 2537 successores
1002 2510 1066 2546 ejus
1077 2518 1111 2538 ac

143 2566 202 2591 tota
221 2562 358 2590 Romana
373 2561 494 2590 ecclesia
511 2560 545 2588 de
561 2561 618 2589 hac
633 2569 724 2589 causa
741 2561 840 2597 quiete
855 2570 971 2599 semper
985 2567 1011 2590 et
1025 2563 1111 2599 paci—

141 2614 195 2651 fice
206 2612 367 2652 mane[a]t.
382 2613 734 2650 Insuperpromittimus
747 2614 827 2642 vobis
841 2614 894 2642 hoc
908 2619 1045 2642 nostrum
1056 2616 1112 2652 jus

143 2672 237 2696 totum
253 2667 299 2695 vel
314 2671 430 2703 partem
452 2674 502 2694 nec
522 2674 575 2694 nos
596 2674 646 2694 nec
667 2666 739 2694 olim
761 2671 878 2703 patrem
898 2671 1033 2695 nostrum
1054 2668 1113 2696 atii

143 2721 300 2758 obliqasse,
319 2719 509 2753 concessisse,
533 2727 585 2747 nec
607 2719 698 2747 aliter
714 2719 874 2754 alienasse,
892 2725 918 2748 et
933 2729 969 2748 ecc
984 2729 1042 2756 quo
1059 2729 1113 2749 nos

143 2772 458 2811 specialiterpredicte
479 2780 595 2800 sorores
615 2772 785 2809 legitimam
805 2781 866 2801 xxv
881 2781 1035 2801 annorum
1053 2778 1114 2801 eta-

145 2831 200 2854 tem
218 2825 404 2858 habebimus,
418 2825 446 2853 si
459 2833 476 2852 a
488 2824 622 2852 Romana
639 2824 759 2853 ecclesia
774 2825 819 2852 eri
825 2833 850 2852 m
857 2833 891 2852 us
904 2826 1040 2858 excitate,
1058 2834 1114 2862 que

144 2879 224 2908 dicta
239 2883 313 2907 sunt
330 2877 436 2906 omnia
451 2877 633 2913 confirmare
646 2877 870 2914 promittimus.
884 2877 929 2906 Ad
944 2877 996 2906 hec
1012 2882 1113 2906 autem

144 2940 198 2960 nos
220 2931 392 2968 Stephanus
414 2930 494 2958 Ram
521 2930 555 2958 de
577 2930 729 2967 Stephano
753 2934 779 2958 et
804 2929 976 2967 Stephanus
998 2930 1114 2959 Johan-

144 2985 195 3013 nis
212 2984 314 3013 Crassi
328 2983 412 3012 vobis
425 2991 482 3020 pro
497 2982 574 3011 dicto
589 2982 712 3011 domino
727 2986 753 3011 et
768 2982 987 3011 successoribus
1002 2983 1066 3020 ejus
1080 2991 1115 3012 ac

1224 403 1285 427 tota
1300 400 1435 428 Romana
1449 401 1569 428 ecclesia
1585 402 1798 437 procuratorio
1813 402 1935 429 nomine
1949 401 2147 438 fidejubemus
2164 404 2192 429 et

1222 449 1355 486 leqitime
1368 451 1596 487 promittimus,
1617 452 1644 479 si
1665 451 1851 488 aliquando,
1874 452 1953 489 quod
1970 453 2064 487 absit⁷
2082 452 2116 480 de
2131 452 2191 481 hac

1223 510 1315 530 causa
1332 510 1387 539 per
1401 502 1523 531 Petrum
1542 512 1623 532 nunc
1637 505 1800 541 prefectum
1819 504 1863 533 vel
1878 513 1931 541 per
1941 505 2005 541 ejus
2015 505 2128 540 fratres
2137 512 2191 533 seu

1221 562 1276 590 per
1290 563 1393 582 eorum
1417 563 1594 584 successores
1615 557 1659 584 cel
1675 557 1795 585 heredes
1813 557 1875 585 sive
1889 566 1943 594 per
1961 558 2059 586 aliam
2077 566 2191 594 quarn-

1224 614 1352 643 cumque
1365 616 1537 644 personam,
1555 617 1605 636 seu
1622 609 1713 637 etiam
1728 618 1781 646 per
1798 618 1963 638 concessam
1977 610 2192 647 obliyationem

1224 659 1270 687 vel
1285 659 1502 688 alienationem
1519 669 1537 688 a
1548 661 1636 689 dictis
1651 662 1820 690 minoribus
1836 667 1861 690 et
1879 663 2084 699 impuberibus
2098 663 2192 691 sicea

1221 715 1309 747 patre
1324 711 1477 747 quondam
1498 720 1599 740 eorum
1623 714 1734 748 factam
1752 715 1797 742 vel
1814 715 1903 742 etiam
1922 723 1976 752 per
1991 715 2073 752 ipsas
2086 714 2192 742 mino-

1224 771 1271 791 res
1295 763 1395 792 dictus
1416 763 1561 793 dominus
1582 774 1661 802 papa
1684 771 1710 794 et
1733 775 1912 795 successores
1933 769 1998 804 ejus
2019 773 2045 797 et
2067 768 2191 797 ecclesia

1223 815 1358 844 Romana
1375 817 1543 854 dampnum
1559 818 1684 854 aliquod
1700 818 1733 847 de
1744 820 1817 856 jure
1831 821 1972 857 patiatur
1987 825 2137 857 quantum
2151 820 2192 849 ad

1225 868 1333 897 dictrm
1359 877 1511 898 summam
1537 871 1657 907 arqenti
1683 872 1828 908 pertinet,
1858 874 1968 909 quanti
1994 874 2052 902 erit
2080 873 2189 911 damp-

1224 930 1299 949 num
1319 926 1441 950 tantum
1457 923 1522 950 sine
1538 923 1625 959 juris
1645 923 1754 959 offensa
1778 929 1803 952 et
1823 925 1956 962 alicujus
1970 927 2054 954 curie
2070 926 2192 963 procla-

1224 975 1358 1003 matione
1382 980 1408 1003 et
1431 975 1497 1003 sine
1520 980 1623 1004 nostra
1647 977 1887 1006 contradictione
1912 978 1946 1006 in
1973 979 2084 1007 nostris
2105 978 2192 1007 bonis

1224 1031 1250 1055 et
1266 1028 1502 1063 possessionibus
1520 1029 1562 1056 eis
1579 1029 1768 1065 placentibus
1784 1031 1965 1058 auctoritate
1977 1031 2105 1068 propria
2118 1032 2193 1068 jure

1221 1079 1363 1117 piynoris
1384 1081 1558 1116 vindicent;
1574 1086 1600 1109 et
1615 1082 1642 1109 si
1659 1082 1764 1118 aliquo
1781 1083 1864 1110 modo
1881 1083 2085 1112 contradicere
2102 1084 2192 1112 volu-

1223 1141 1302 1167 mus.
1320 1141 1339 1161 a
1350 1133 1424 1169 jure
1439 1133 1518 1170 quod
1538 1134 1567 1162 in
1587 1134 1695 1162 eisdem
1713 1134 1797 1163 bonis
1813 1135 1986 1163 habebimus
2002 1137 2128 1164 omnino
2140 1145 2193 1165 ca-

1225 1184 1335 1213 damus
1349 1190 1376 1214 et
1396 1186 1499 1223 ‘ipsum
1515 1186 1683 1224 dampnum
1701 1187 1828 1224 duplum
1846 1188 2003 1216 emendare
2021 1193 2189 1217 teneamur.

1224 1238 1284 1266 Pro
1299 1247 1357 1275 quo
1373 1247 1442 1266 vero
1460 1238 1603 1276 dampno,
1626 1240 1653 1268 si
1675 1240 1754 1276 quod
1773 1240 1850 1268 absit
1866 1240 2020 1275 acciderit,
2041 1241 2120 1269 vobis
2136 1249 2193 1278 pro

1225 1289 1305 1319 dicto
1321 1291 1444 1320 domino
1456 1301 1536 1329 papa
1555 1297 1581 1321 et
1595 1293 1662 1321 suis
1676 1294 1894 1322 successoribus
1909 1295 2120 1330 procuratorio
2137 1302 2194 1322 no-

1225 1345 1310 1372 mine
1322 1345 1447 1381 piynori
1460 1346 1617 1382 ponimus,
1633 1346 1803 1382 obligamus
1818 1355 1919 1374 omnes
1937 1355 1980 1375 res
1997 1351 2024 1375 et
2037 1347 2194 1384 possessio-

1225 1405 1277 1425 nes
1296 1402 1414 1425 nostras
1431 1399 1563 1426 rusticas
1578 1403 1604 1427 et
1620 1399 1755 1427 urbanas
1768 1408 1852 1436 quas,
1868 1404 2019 1436 quantum
2035 1400 2075 1427 ad
2093 1400 2194 1436 ipsum

1225 1449 1404 1488 dampnum,
1422 1451 1616 1487 siacciderit,
1633 1452 1774 1488 pertinet,
1788 1461 1843 1489 pro
1856 1453 1938 1480 nobis
1949 1457 1974 1480 et
1986 1453 2098 1480 nostris
2111 1452 2193 1481 here-

1225 1503 1313 1532 dibus
1325 1509 1351 1532 et
1366 1505 1584 1533 suecessoribus
1598 1514 1620 1534 a.
1632 1505 1711 1534 dicto
1727 1505 1850 1534 domino
1862 1514 1943 1543 papa
1956 1510 1982 1534 et
1997 1506 2062 1534 suis
2078 1514 2194 1534 succes-

1225 1556 1344 1584 soribus
1354 1565 1388 1585 ac
1400 1557 1535 1586 Romana
1552 1558 1674 1586 ecclesia
1685 1559 1825 1595 precario
1838 1562 1864 1586 et
1875 1567 1977 1587 eorum
1992 1559 2113 1586 nomine
2123 1566 2193 1595 pos-

1224 1608 1370 1637 sidemus.
1393 1609 1430 1638 Et
1448 1610 1522 1638 huic
1539 1610 1740 1647 promissioni
1754 1615 1781 1639 et
1799 1611 1979 1647 obliyationi
1995 1612 2120 1639 scientes
2139 1619 2194 1639 nos

1226 1663 1340 1699 leyibus
1365 1663 1512 1700 adJ'uvari
1534 1672 1564 1692 eo
1590 1664 1669 1700 quod
1686 1672 1744 1701 pro
1762 1665 1934 1693 minoribus
1958 1665 2191 1700 intercedimus,

1225 1715 1306 1743 illud
1323 1716 1450 1744 omnino
1464 1716 1552 1753 juris
1574 1716 1620 1744 ¹vel
1639 1716 1737 1754 leyum
1760 1717 1916 1745 auxilium
1937 1717 2016 1754 quod
2030 1726 2087 1755 pro
2109 1718 2194 1746 nobis

1226 1767 1261 1796 in
1282 1768 1338 1797 hac
1361 1776 1452 1797 causa
1476 1768 1684 1797 introductum
1708 1774 1749 1797 est
1768 1770 1940 1805 refutamus
1960 1774 1987 1798 et
2004 1779 2121 1799 omnem
2141 1779 2195 1799 ea:-

1226 1821 1388 1858 ceptionem
1413 1821 1440 1849 si
1455 1830 1514 1858 qua
1535 1822 1584 1849 *uti
1596 1830 1751 1858 possemus
1771 1822 1810 1850 ad
1832 1821 2023 1859 i71fi1·171a›ida
2040 1832 2096 1860 que
2111 1823 2195 1852 dicta

1226 1879 1298 1903 sunt
1319 1875 1440 1911 pariter
1462 1875 1645 1910 refutamus.
1672 1876 1840 1904 Novissime
1863 1880 1963 1904 autem
1987 1885 2040 1904 ‘nos
2060 1876 2196 1913 predicte

1226 1935 1341 1955 sorores
1361 1935 1418 1964 pro
1440 1928 1523 1956 nobis
1540 1932 1566 1956 et
1588 1928 1702 1956 nostris
1717 1928 1876 1956 heredibus
1893 1933 1919 1957 et
1934 1930 2150 1958 successoribus
2168 1934 2195 1958 et

1227 1988 1278 2016 eqo
1293 1980 1465 2016 Stephanus
1481 1980 1592 2014 Crassi,
1608 1989 1664 2016 pro
1684 1989 1729 2008 me
1745 1985 1770 2008 et
1789 1980 1878 2009 dictis
1895 1981 2100 2018 impuberibus
2117 1990 2197 2018 qua-

1228 2041 1297 2060 rum
1315 2041 1365 2068 eqo
1383 2037 1464 2060 tutor
1480 2041 1546 2060 sum
1569 2037 1595 2060 et
1614 2033 1689 2060 meis
1704 2038 1730 2060 et
1747 2041 1849 2061 eorum
1869 2033 2027 2062 heredibus
2042 2039 2068 2062 et
2080 2043 2197 2063 succes-

1228 2086 1356 2120 soribus,
1380 2091 1406 2114 et
1428 2095 1478 2123 eqo
1498 2086 1670 2123 Stephanus
1694 2087 1772 2115 Raii‘z
1791 2086 1823 2115 de
1840 2087 2000 2124 Stephano,
2022 2096 2080 2124 pro
2104 2097 2147 2116 me
2170 2092 2197 2116 et

1229 2140 1304 2167 meis
1319 2139 1477 2168 heredibus
1493 2145 1518 2168 et
1536 2140 1763 2174 successoribus,
1784 2141 1873 2170 robis.
1892 2145 1924 2169 ut
1941 2141 2055 2169 dictum
2073 2146 2125 2175 est,
2139 2150 2198 2178 pro

1229 2192 1353 2220 domino
1366 2201 1447 2229 papa
1466 2198 1492 2221 et
1507 2193 1572 2221 suis
1587 2193 1805 2221 successoribus
1820 2202 1875 2229 que
1895 2193 1975 2221 dicta
1998 2198 2070 2222 sunt
2091 2195 2198 2222 omnia

1229 2245 1397 2278 observare,
1416 2245 1571 2280 defendere
1593 2250 1619 2273 et
1639 2245 1805 2282 adimplere
1818 2246 2031 2282 promittimus
2052 2247 2105 2274 sub
2133 2255 2199 2275 cere

1226 2298 1313 2334 pacis
1333 2302 1360 2325 et
1378 2297 1450 2333 fidei
1469 2298 1639 2326 christiane
1664 2298 1787 2326 vinculo
1802 2307 1819 2325 a
1838 2298 1920 2326 nobis
1939 2299 2112 2335 specialiter
2129 2299 2199 2327 Teo-

1231 2349 1305 2378 dora
1323 2355 1349 2377 et
1371 2351 1504 2378 Romana
1521 2351 1647 2386 prestito
1667 2355 1693 2378 et
1709 2351 1763 2379 sub
1775 2359 1854 2387 pena
1871 2351 1906 2379 ab
1921 2352 2061 2380 omnibus
2075 2360 2199 2389 conpro-

1231 2403 1324 2430 misso
1348 2403 1440 2431 totius
1466 2403 1596 2439 predicte.
1621 2411 1738 2442 suntme
1762 2404 1884 2440 arqenti
1907 2404 2020 2441 dupla;
2046 2409 2071 2432 et
2099 2404 2200 2433 soluta

1228 2463 1306 2492 pena
1327 2455 1379 2483 hec
1397 2455 1518 2483 cartula
1534 2455 1625 2491 firma
1640 2460 1830 2492 permaneat.
1853 2456 1946 2489 Quam
1965 2456 2091 2485 seribere
2110 2465 2200 2493 roya-

1232 2508 1334 2535 vimus
1358 2508 1526 2536 „Iohannem
1548 2507 1652 2536 Leonis
1671 2508 1873 2535 scriniarium
1893 2509 1923 2535 in
1944 2517 2041 2536 mense
2056 2513 2082 2535 et
2100 2508 2200 2536 indic-

1233 2560 1313 2588 tione
1328 2560 1538 2597 suprascripta
1553 2560 1633 2588 XIII.

1271 2626 1421 2654 Henricus
1437 2625 1633 2660 Lombardus,
1655 2626 1746 2653 testis.

1273 2685 1445 2722 Stephanus
1459 2685 1542 2713 Petri
1557 2685 1686 2712 Romani
1700 2684 1828 2719 Carcoli,
1848 2685 1940 2712 testis.

1273 2745 1390 2772 Paulus
1403 2745 1642 2781 Malayrumma,
1660 2744 1778 2771 domini
1792 2752 1868 2781 pape
1888 2744 2026 2779 riseritis,
2046 2746 2138 2773 testis.

1275 2804 1433 2833 Paschalis
1447 2804 1625 2838 cambiator‚
1646 2804 1738 2832 testis.

1275 2863 1442 2896 Cui-tesius,
1461 2863 1551 2890 testis.

1274 2929 1334 2965 Eyo
1349 2929 1503 2957 Johannes
1523 2929 1644 2962 Leonis,
1669 2933 1770 2957 sancte
1786 2929 1916 2957 Romane
1936 2930 2053 2958 ecclesie
2067 2931 2204 2960 scrinia-

1236 2982 1312 3015 rius,
1334 2981 1444 3009 habens
1454 2985 1627 3018 potestatem
1645 2981 1739 3009 dandi
1752 2986 1863 3010 tutores
1878 2986 2082 3019 etcuratores,
2101 2992 2206 3013 eman-
