2392 3571
152 335 209 364 560

190 406 263 424 anno
276 397 329 427 XI,
349 397 505 423 indictione
517 395 571 425 XI,
585 402 683 420 mense
695 394 842 427 februarii,
854 394 898 420 die
915 393 1011 419 VIIII.
1028 393 1088 427 Ego
1101 393 1155 419 Ni-

189 446 288 472 colaus
302 443 442 478 Raynaldi
454 443 488 469 de
501 443 616 468 Paliano
634 442 686 468 hac
697 441 742 467 die
759 442 885 475 presenti
898 442 1009 476 propria
1024 444 1052 466 et
1068 449 1155 475 spon-

188 497 271 519 tanea
291 501 353 518 mea
370 492 443 517 bona
458 492 613 523 voluntate,
631 490 733 522 vendo,
749 490 819 516 cedo
837 490 924 515 libere
940 494 967 515 et
983 489 1063 515 trado
1080 490 1156 515 inre-

189 541 354 567 vocabiliter
376 540 426 566 tibi
450 539 564 565 domino
586 538 712 564 Johanni
733 538 768 564 de
789 537 941 564 Ferentino
961 538 1068 563 domini
1084 545 1155 571 pape

190 590 345 615 camerario
365 588 559 622 procuratorio
575 587 689 613 nomine
706 595 756 621 pro
770 586 885 612 domino
903 595 975 620 papa
990 589 1018 611 et
1033 585 1155 611 ecclesia

190 638 319 664 Romana
336 642 364 662 et
379 636 411 662 ad
429 644 502 670 opus
519 640 545 661 et
563 635 710 661 utilitatem
729 635 856 668 ipsorum
874 635 1023 668 recipienti
1038 634 1065 660 in
1090 642 1156 667 pcr-

189 690 306 720 petuum
327 688 412 710 totam
439 688 466 709 et
489 684 628 717 integram
657 687 764 717 partem
792 690 882 708 meam
908 690 991 708 rocce
1017 686 1045 707 et
1068 682 1155 708 castri

189 733 296 759 Paliani
313 737 340 758 et
356 740 437 758 rot-ce
454 736 481 758 et
492 731 579 758 castri
595 731 737 761 Serronis,
749 739 814 757 cum
831 730 964 756 domibus
980 734 1008 756 et
1022 729 1156 755 casalinis

190 782 260 808 infra
277 782 390 807 easdem
409 789 506 806 roccas
523 784 550 806 et
566 784 659 806 castra
682 780 767 805 michi
783 780 1028 813 competentibus,
1046 783 1074 804 et
1089 786 1155 804 cum

189 831 264 856 omni
279 832 345 864 jure
356 833 383 854 et
396 828 610 862 jurisdictione,
623 828 750 853 dominio
763 832 790 853 et
806 828 913 854 honore
926 832 953 853 et
962 828 1084 860 actione,
1099 830 1155 852 tam

188 879 214 904 in
234 878 363 904 vassallis
379 885 463 911 quam
481 877 508 902 in
525 876 620 907 terris,
639 876 740 907 vineis,
760 877 840 908 ortis,
856 876 1038 910 cannapinis,
1056 875 1155 909 pratiS‚

189 927 315 960 pascuis,
329 925 420 958 silvis,
434 925 589 954 montibus,
602 925 732 955 collibus,
746 924 881 958 planitiis,
895 924 977 958 aquis
989 927 1016 950 et
1029 923 1156 949 fontibus

188 979 215 1000 et
231 973 486 1000 communitatibus
503 973 664 1005 universis,
689 973 765 998 sicut
781 972 850 998 1111111
864 976 892 998 et
908 972 1063 998 heredibus
1084 972 1156 997 meis

188 1026 346 1056 conpetunt
367 1030 416 1056 pro
440 1021 531 1047 diviso
553 1022 596 1046 vel
617 1021 754 1053 indiviso,
777 1021 1026 1047 communiterve]
1045 1020 1156 1054 specia-

188 1071 260 1104 nter,
275 1071 301 1096 in
314 1070 450 1104 predictis
463 1070 557 1096 roccis
568 1073 596 1095 et
607 1070 721 1102 castris,
736 1070 813 1095 intus
825 1072 852 1094 et
864 1072 944 1095 extra
955 1073 983 1094 et
1000 1077 1050 1103 per
1065 1072 1155 1095 totum

187 1119 343 1145 eorundem
366 1118 541 1144 territorium
566 1121 594 1144 ct
615 1117 796 1148 districtu1n;
819 1121 846 1144 et
871 1117 1007 1151 quicquid
1034 1126 1086 1151 ego
1113 1117 1156 1143 vel

187 1168 240 1194 alia
256 1175 379 1202 persona
394 1175 444 1201 pro
457 1175 501 1192 me
515 1166 549 1192 de
563 1166 702 1201 predictis
716 1166 850 1192 omnibus
867 1166 1050 1200 possidemus
1065 1170 1155 1192 totum

187 1226 203 1242 a
219 1217 346 1251 presenti
361 1215 506 1242 constituo
521 1224 566 1241 me
582 1215 696 1241 nomine
714 1214 842 1241 Romane
859 1215 980 1241 ecclesie
998 1215 1154 1249 possidere,

187 1269 215 1291 et
238 1265 273 1290 do
296 1264 387 1298 adque
412 1264 539 1290 concedo
561 1264 617 1298 ipsi
640 1264 754 1289 domino
775 1272 847 1297 pape
868 1264 987 1296 suisque
1003 1271 1157 1289 successo-

188 1314 269 1340 ribus
286 1314 402 1339 liberam
426 1316 595 1347 potestatem
614 1312 737 1338 intrandi
758 1316 785 1337 et
805 1312 963 1346 accipiendi
989 1321 1038 1345 per
1059 1320 1090 1338 se
1115 1313 1156 1338 vel

189 1371 238 1397 per
259 1366 473 1396 procuratorem
490 1369 541 1387 seu
559 1369 608 1395 per
632 1361 764 1386 nuntium
783 1361 931 1386 actoritate
954 1361 1066 1394 propria
1088 1368 1155 1394 pos-

189 1412 351 1436 sessionem
373 1410 500 1436 omnium
519 1409 711 1443 predictorum
729 1414 756 1434 et
773 1409 896 1434 habendi
913 1408 1027 1434 tenendi
1043 1412 1071 1434 et
1088 1417 1155 1443 pos-

188 1459 299 1485 sidendi
312 1458 345 1484 ad
357 1466 430 1492 opus
446 1462 473 1483 et
491 1458 638 1483 utilitatem
657 1456 786 1482 Romane
802 1457 924 1482 ecclesie
940 1457 966 1482 iu
984 1460 1154 1491 perpetuum

189 1508 285 1533 omnia
302 1506 482 1540 supradicta;
507 1507 585 1531 salvo
608 1513 657 1539 pcr
673 1506 768 1530 omnia
785 1505 852 1530 mihi
870 1509 897 1530 ct
913 1505 1068 1531 heredibus
1084 1506 1156 1531 meis

189 1558 326 1590 perpetuo
347 1554 421 1588 quod
444 1555 594 1579 universas
619 1554 821 1587 possessiones
847 1557 874 1578 et
895 1553 968 1579 bona
993 1562 1054 1579 mea
1077 1558 1157 1580 extra

187 1604 363 1629 munitiones
384 1603 575 1636 predictorum
600 1605 758 1627 castrorum
777 1601 868 1634 posita
890 1605 917 1627 et
937 1602 1068 1627 redditus
1088 1610 1156 1628 vas-

188 1652 322 1678 sallorum
340 1659 468 1676 meorum
484 1658 557 1684 quos
572 1655 599 1675 et
614 1658 669 1683 que
686 1650 774 1683 hujus
788 1649 967 1675 alienationis
984 1653 1112 1684 tempore
1129 1651 1157 1676 in

188 1701 291 1727 castris
316 1700 400 1725 habui
423 1699 589 1724 memoratis
608 1698 642 1723 ab
666 1699 728 1732 ipso
752 1698 867 1724 domino
885 1707 955 1732 papa
977 1702 1004 1724 et
1028 1698 1157 1725 Romana

189 1749 310 1776 ecclesia
326 1749 353 1774 in
370 1748 486 1774 feudum
503 1747 537 1773 de
557 1750 652 1773 cetero
675 1751 839 1777 teneamus,
862 1751 889 1772 et
905 1747 1009 1772 exinde
1026 1747 1081 1781 ipsi
1103 1747 1157 1773 do-

190 1799 267 1824 mino
293 1805 363 1831 pape
384 1801 412 1822 et
432 1796 561 1822 Romane
581 1795 705 1821 ecclesie
730 1795 843 1820 vassalli
864 1796 956 1821 simus
973 1799 1111 1830 perpetuo
1129 1800 1158 1822 et

188 1846 302 1879 fideles,
319 1849 346 1871 et
361 1846 403 1871 eis
421 1848 535 1879 propter
551 1844 605 1869 hoc
628 1843 790 1877 specialiter
812 1848 975 1878 prcstemus
992 1845 1156 1878 homagium

189 1894 348 1929 personale.
375 1893 430 1918 Pro
452 1901 508 1926 qua
524 1892 687 1918 venditione
703 1900 754 1917 seu
775 1892 945 1918 alienatione
962 1896 990 1918 et
1005 1892 1157 1919 traditione

187 1944 325 1970 confiteor
341 1950 385 1968 me
403 1941 547 1975 recepisse
563 1944 615 1967 ate
626 1940 742 1966 domino
759 1940 915 1966 camerario
933 1941 1046 1967 nomine
1063 1941 1158 1975 ipsius

188 1992 295 2018 domini
314 2000 383 2025 pape
403 1994 431 2016 et
454 1991 574 2016 ecclesie
597 1990 725 2015 Romane
748 1990 877 2015 solvente
898 1993 1014 2016 centum
1033 1990 1158 2024 quadra-

188 2042 266 2075 ginta
291 2040 363 2065 duas
385 2039 471 2064 libras
492 2039 631 2064 bonorum
648 2038 831 2064 denariorum
851 2042 984 2069 senatus3
1003 2039 1037 2064 de
1051 2039 1157 2072 quibus

188 2098 232 2115 me
248 2089 320 2114 bene
337 2088 464 2122 quietum
483 2091 510 2113 et
522 2090 652 2121 pacatum
668 2094 748 2119 voco,
761 2087 923 2120 exceptioni
938 2095 992 2113 non
1010 2092 1157 2115 numerate

187 2142 215 2164 et
232 2147 285 2163 non
303 2138 395 2163 solute
408 2136 528 2171 pecunie
545 2135 746 2169 renuntiando⁷
763 2139 791 2162 et
806 2137 970 2170 omnijuris
984 2137 1091 2163 auxilio
1108 2146 1157 2164 ca-

189 2186 283 2213 nonici
308 2190 335 2211 ct
356 2185 466 2216 cirilis;
490 2188 518 2210 et
539 2185 563 2210 si
585 2184 712 2218 predicta
733 2185 805 2210 bona
823 2184 886 2218 plus
903 2185 1013 2218 valent,
1032 2189 1123 2212 totum
1143 2189 1173 2212 a'

187 2234 312 2270 presenti
327 2234 418 2260 eidem
433 2233 549 2259 domino
567 2241 636 2267 pape
652 2237 680 2259 et
694 2232 823 2259 Romane
838 2233 961 2259 ecclesie
977 2233 1052 2260 dono
1068 2234 1157 2261 libere

187 2284 278 2318 adque
294 2282 419 2309 concedo
437 2282 463 2307 in
483 2285 664 2316 perpetuum.
690 2281 744 2307 Pro
764 2281 871 2315 quibus
887 2282 1023 2308 omnibus
1038 2283 1158 2310 firmiter

187 2336 214 2360 et
231 2331 352 2357 fideliter
367 2330 556 2357 observandis
571 2329 667 2356 omnia
688 2329 763 2356 bona
779 2338 841 2356 mea
865 2329 979 2356 mobilia
1001 2334 1030 2357 et
1052 2331 1157 2358 immo-

188 2380 253 2406 bilia
273 2379 364 2405 eidem
386 2379 502 2405 domino
524 2387 594 2413 pape
615 2379 736 2412 suisque
761 2378 986 2405 successoribus
1010 2379 1106 2413 obligo
1129 2383 1157 2406 et

186 2428 284 2455 eadem
299 2431 413 2462 propter
430 2428 484 2453 hoc
500 2427 664 2461 specialiter
675 2435 720 2453 me
731 2435 781 2461 per
793 2434 858 2452 eum
871 2427 999 2461 precario
1011 2429 1157 2454 constituo

187 2477 344 2512 possidere.
367 2475 571 2503 Renuntiando
588 2476 615 2502 in
637 2475 693 2501 hiis
716 2475 851 2502 omnibus
868 2476 945 2502 omni
958 2476 1035 2509 juris
1050 2476 1157 2503 auxilio

187 2526 318 2553 canonici
339 2528 367 2551 et
388 2525 494 2555 civilis¹
515 2524 718 2550 consuetudini
739 2528 766 2549 et
782 2527 888 2550 statuto
903 2528 931 2550 et
953 2525 1032 2550 omni
1052 2525 1158 2552 actioni

187 2575 351 2610 exceptioni
363 2578 391 2600 et
406 2574 447 2599 rei
461 2581 515 2607 que
533 2576 651 2607 possent
667 2573 743 2599 obici
759 2576 858 2599 contra
873 2573 1096 2600 instrumentum
1113 2574 1158 2600 vel

187 2624 304 2651 factum.
321 2622 404 2649 Hanc
420 2625 514 2648 autem
531 2621 725 2647 venditionem
742 2629 793 2647 seu
810 2621 1011 2648 alienationem
1027 2626 1054 2649 et
1069 2622 1158 2648 tradi-

188 2672 293 2698 tionem
310 2678 343 2697 ac
360 2670 455 2696 onmia
470 2669 635 2703 supradicta
647 2677 698 2703 per
711 2677 755 2695 me
769 2672 797 2695 et
812 2669 934 2696 heredes
950 2677 1030 2696 meos
1045 2674 1072 2696 et
1089 2678 1158 2697 suc-

188 2727 320 2747 cessores
337 2718 471 2753 promitto
493 2720 552 2743 rata
574 2720 602 2743 et
622 2717 703 2743 firma
724 2725 838 2751 semper
854 2718 959 2744 habere
975 2722 1003 2744 et
1019 2722 1158 2753 perpetuo

189 2767 391 2795 inviolabiliter
404 2766 557 2792 observare
571 2770 598 2791 et
610 2766 687 2791 nullo
703 2769 832 2800 tempore
848 2767 1057 2799 contravenire,
1074 2771 1119 2794 set
1134 2767 1159 2793 si

188 2824 262 2850 opus
278 2819 306 2841 et
323 2822 443 2840 necesse
460 2814 544 2840 suerit
560 2814 686 2847 legitime
710 2814 864 2840 defendere
887 2815 921 2840 ab
942 2815 1019 2841 omni
1037 2824 1160 2850 persona

189 2867 216 2889 et
237 2863 387 2889 ecclesiam
411 2862 513 2888 exinde
537 2869 652 2887 servare
676 2861 868 2896 indempnem.
886 2862 968 2894 Quod
986 2862 1010 2889 si
1032 2863 1159 2897 predicta

189 2911 284 2937 omnia
300 2919 349 2944 per
370 2918 414 2936 me
436 2914 464 2936 et
483 2917 562 2935 meos
583 2909 703 2935 heredes
721 2918 774 2935 non
793 2910 984 2937 observavero
1001 2912 1045 2937 vel
1060 2914 1160 2938 contra

189 2967 306 2989 venero,
326 2958 479 2992 predictam
492 2958 642 2991 pecuniam
658 2958 771 2984 nomine
783 2966 856 2992 pene
871 2958 986 2993 duplam
999 2959 1090 2985 eidem
1108 2959 1159 2986 do-

696 329 745 357 LE
770 328 914 357 LIBER
937 327 1170 358 CENSUUM
1193 327 1248 356 DE
1272 317 1458 356 L'EGLISE
1480 326 1692 357 ROMAINE.

1274 393 1350 418 mino
1374 401 1445 427 pape
1468 393 1589 427 suisque
1605 392 1827 419 successoribus
1845 393 1959 418 nomine
1976 392 2104 418 Romane
2120 393 2242 419 ecclesie

1273 448 1317 466 me
1335 441 1469 474 promitto
1485 441 1662 472 soluturum,
1680 445 1708 466 et
1724 449 1795 474 pena
1812 440 1905 466 soluta
1922 441 2009 474 hujus
2026 441 2199 467 venditionis
2215 444 2243 468 et

1272 488 1453 514 alienationis
1467 492 1632 515 contractus
1645 489 1673 514 10
1685 497 1737 514 sua
1750 488 1955 514 nichilominus
1972 492 2136 522 permaneat
2151 489 2243 515 firmi-

1272 539 1340 563 tate.
1352 536 1413 568 Que
1424 538 1519 563 onmia
1530 545 1574 562 me
1584 537 1785 563 inviolabiliter
1795 540 1853 563 rata
1865 541 1893 563 et
1905 537 1985 563 firma
1997 537 2100 563 habere
2112 541 2139 564 et
2150 541 2243 564 atten-

1273 584 1339 610 dere
1352 588 1380 610 et
1390 585 1544 611 observare
1556 586 1690 619 promitto
1703 586 1807 619 etjuro
1820 585 1903 611 tactis
1915 586 2108 612 sacrosanctis
2118 593 2244 620 evange-

1272 632 1328 658 liis.
1342 633 1390 658 Sic
1401 641 1446 658 me
1460 632 1539 658 Deus
1551 633 1667 667 adjuvet
1678 637 1706 659 et
1717 633 1769 659 hec
1781 636 1880 659 sancta
1889 634 1954 666 ejus
1965 633 2121 667 evangelia.
2135 632 2242 661 Amen.

1308 680 1432 715 Insuper
1457 682 1655 714 juramentum
1682 681 1862 715 vassallagii,
1892 681 2017 715 homagii
2045 684 2072 706 et
2099 681 2244 708 fidelitatis

1272 729 1344 754 facio
1370 729 1454 755 tactis
1475 729 1668 755 sacrosanctis
1693 729 1851 762 evangeliis
1871 729 1899 754 in
1922 729 1974 755 hac
1995 729 2085 755 forma
2111 740 2116 754 :
2143 739 2156 752 α
2183 728 2244 763 Ego

1276 788 1287 800 u
1309 776 1447 803 Nicolaus
1463 777 1602 812 Raynaldi
1620 777 1654 803 de
1672 777 1787 803 Paliauo
1806 777 1840 802 ab
1857 777 1910 803 hac
1926 777 1994 803 hora
2011 778 2037 802 in
2055 780 2137 802 antea
2152 776 2244 803 fidelis

1274 834 1286 848 11
1309 833 1357 851 ero
1382 825 1442 851 Deo
1464 829 1491 851 et
1517 826 1599 851 beato
1623 825 1707 852 Petro
1729 829 1757 851 et
1779 825 1895 852 domino
1920 833 1983 851 meo
2007 834 2078 859 pape
2104 824 2244 859 Gregorio

1274 883 1285 898 n
1309 875 1430 908 ejusque
1452 874 1673 900 successoribus
1693 874 1829 899 canonice
1852 873 2035 899 intrantibus.
2061 873 2124 899 Non
2147 881 2195 899 ero
2215 873 2244 899 in

1276 933 1287 945 υ
1309 922 1401 953 sacto,
1425 923 1502 948 dicto
1525 930 1577 948 nec
1601 923 1628 948 in
1650 922 1770 948 consilio
1791 925 1839 948 aut
1859 929 2004 948 consensu
2021 921 2098 955 quod
2122 921 2184 956 ipse
2200 921 2245 947 vel

1275 982 1287 994 n
1309 972 1374 1005 ejus
1391 971 1509 997 nuntius
1524 974 1572 996 aut
1584 971 1711 996 officialis
1728 970 1812 996 vitain
1831 970 1949 1004 perdant
1963 973 2012 996 aut
2026 970 2186 995 membrum
2199 969 2244 995 vel

1276 1031 1288 1043 n
1310 1020 1459 1053 capiantur
1475 1020 1546 1045 mala
1567 1020 1709 1054 captione.
1731 1018 1890 1044 Consilium
1915 1018 1991 1052 quod
2015 1026 2064 1052 per
2086 1026 2117 1044 se
2134 1018 2178 1043 vel
2194 1026 2245 1052 per

1275 1078 1287 1093 u
1310 1076 1395 1094 suum
1420 1068 1550 1094 nuntium
1572 1072 1619 1093 aut
1639 1076 1686 1101 per
1703 1075 1772 1093 suas
1791 1067 1899 1093 litteras
1917 1067 2002 1092 michi
2019 1065 2247 1092 manifestaverit

1275 1127 1287 1141 n
1310 1116 1343 1142 ad
1355 1117 1419 1150 ejus
1431 1116 1585 1151 dampnum
1600 1124 1644 1142 me
1656 1116 1767 1141 sciente
1780 1115 1848 1141 nulli
1861 1114 1992 1149 pandam.
2009 1114 2038 1140 Si
2055 1115 2119 1148 ejus
2134 1118 2246 1140 certum

1276 1176 1288 1189 i)
1310 1165 1465 1198 dampnum
1482 1165 1610 1197 scivero,
1629 1164 1653 1189 si
1671 1168 1768 1198 potero
1786 1164 1885 1190 faciam
1904 1171 2070 1194 remanerc;
2089 1162 2132 1188 sin
2149 1165 2247 1189 autem

1276 1224 1288 1237 1>
1310 1217 1358 1239 aut
1375 1222 1479 1248 perine
1491 1216 1538 1239 aut
1553 1221 1602 1247 per
1618 1221 1713 1238 meum
1726 1212 1857 1238 nuntium
1872 1212 1914 1237 vel
1931 1220 1981 1245 per
1993 1212 2077 1237 talem
2094 1218 2247 1245 personam

1274 1272 1286 1287 n
1309 1270 1393 1296 quam
1411 1270 1461 1296 pro
1476 1265 1553 1287 certo
1569 1262 1683 1287 credam
1698 1261 1740 1286 eis
1756 1260 1896 1286 dicturam
1909 1259 2086 1293 significabo.
2108 1259 2247 1293 Papatum

1276 1322 1287 1334 ›,
1311 1311 1473 1337 Romanum
1487 1331 1493 1343 ,
1513 1311 1617 1343 regalia
1639 1310 1710 1335 beati
1735 1309 1828 1342 Petri,
1850 1309 1911 1334 iura
1931 1308 2054 1334 ecclesie
2072 1308 2202 1334 Romane
2219 1310 2247 1334 et

1276 1371 1287 1383 n
1310 1359 1473 1393 specialiter
1485 1367 1596 1384 roccam
1609 1362 1636 1383 et
1651 1361 1777 1383 castrum
1792 1356 1899 1382 Paliani
1911 1360 1938 1382 et
1950 1364 2062 1382 roccam
2077 1360 2105 1382 et
2119 1359 2246 1382 castrum

1274 1416 1287 1432 1)
1309 1406 1443 1432 Serronis
1469 1410 1497 1432 et
1527 1406 1579 1431 alia
1607 1405 1701 1431 onmia
1727 1414 1783 1439 que
1808 1404 1937 1430 Romana
1960 1404 2083 1431 ecclesia
2109 1404 2194 1430 habet
2218 1406 2247 1430 et

1276 1466 1287 1479 n
1310 1455 1452 1488 habuerit,
1475 1455 1588 1487 adjutor
1612 1462 1661 1480 ero
1684 1454 1718 1479 ad
1745 1453 1941 1484 retinendum,
1964 1452 2193 1479 conservandum
2220 1456 2248 1479 et

1275 1513 1287 1528 1)
1310 1502 1521 1528 defendendum
1546 1506 1645 1527 contra
1666 1509 1767 1527 omnes
1789 1501 1921 1526 homiues
1942 1504 1970 1526 et
1990 1501 2043 1526 alia
2059 1501 2140 1534 juste
2162 1500 2247 1526 dante

1275 1561 1287 1576 υ
1310 1551 1434 1577 Ι)0111100
1457 1550 1664 1584 acquirendum
1686 1553 1714 1575 et
1729 1549 1871 1583 acquisita
1891 1548 2133 1574 conservandum.
2151 1548 2181 1574 Si
2197 1548 2248 1574 do-

1276 1612 1289 1624 »
1312 1600 1408 1626 minus
1431 1607 1502 1633 papa
1520 1598 1562 1624 vel
1585 1599 1650 1632 ejus
1671 1597 1805 1623 officiales
1826 1600 1875 1623 aut
1892 1596 1984 1622 nuntii
2001 1605 2051 1630 pro
2068 1605 2101 1622 eo
2118 1604 2170 1622 seu
2188 1596 2248 1623 Ro-

1276 1660 1288 1674 »
1311 1657 1393 1675 mana
1410 1648 1531 1674 ecclesia
1548 1647 1700 1673 consilium
1717 1654 1732 1672 a
1749 1654 1793 1672 me
1809 1645 1998 1679 quesiverint,
2016 1645 2088 1671 dabo
2105 1645 2177 1671 bona
2193 1644 2248 1671 fide

1277 1709 1289 1722 ι)
1312 1697 1472 1724 secundum
1495 1696 1571 1730 quod
1596 1696 1699 1721 melius
1723 1694 1811 1720 michi
1834 1693 1988 1720 videbitur.
2012 1693 2047 1719 Et
2071 1693 2124 1719 alia
2153 1693 2248 1719 omnia

1277 1758 1289 1771 ι)
1312 1746 1435 1780 capitula
1451 1745 1610 1771 observabo
1626 1748 1653 1769 et
1668 1743 1769 1770 faciam
1786 1751 1842 1777 que
1859 1742 1892 1768 ad
1910 1742 2075 1768 fidelitatem
2092 1746 2120 1768 et
2136 1742 2248 1768 vassal-

1277 1807 1289 1819 1)
1312 1795 1419 1828 lagium
1438 1798 1583 1828 spectant,
1601 1797 1627 1819 et
1643 1801 1698 1826 quc
1715 1792 1857 1818 vassallus
1871 1799 1922 1817 seu
1939 1791 2031 1816 fidelis
2051 1790 2135 1816 debet
2155 1791 2248 1817 facere

1277 1854 1287 1868 ι
1312 1844 1355 1869 vel
1371 1846 1495 1870 tenetur.
1508 1842 1556 1868 Sic
1574 1850 1617 1867 me
1631 1841 1710 1867 Deus
1722 1840 1838 1874 adjuvet
1854 1843 1882 1866 et
1897 1840 1950 1865 hec
1965 1843 2064 1865 sancta
2078 1840 2143 1872 ejus
2159 1846 2250 1864 evan-

1277 1904 1289 1916 »
1312 1893 1395 1926 gelia.
1414 1892 1520 1918 Amen.
1539 1902 1550 1914 u
1570 1890 1633 1916 Hiis
1651 1889 1774 1924 peractis
1787 1888 1883 1914 dictus
1899 1887 2034 1913 dominus
2050 1887 2187 1913 Nicolaus
2204 1886 2249 1912 in-

1276 1940 1392 1966 vestivit
1410 1939 1558 1965 dominum
1580 1937 1768 1964 camerarium
1792 1936 1904 1962 1101111110
1929 1936 2058 1962 Romane
2075 1935 2198 1961 ecclesie
2214 1934 2248 1960 de

1277 1990 1360 2015 bonis
1377 1988 1601 2022 suprascriptis,
1620 1987 1737 2012 mittens
1755 1993 1856 2011 manus
1873 1989 1941 2010 s'uas
1964 1984 2035 2009 infra
2053 1992 2155 2009 manus
2172 1984 2247 2017 eJus.

1275 2039 1383 2064 Actum
1406 2038 1434 2063 111
1456 2037 1558 2071 palatio
1583 2035 1778 2062 Lateranensi.
1797 2034 1893 2068 Hujus
1909 2032 1950 2059 rei
1967 2033 2004 2058 hii
2027 2032 2116 2066 rogati
2135 2032 2249 2058 fuerant

1276 2091 1367 2114 testes
1386 2097 1390 2112 :
1409 2086 1545 2112 dominus
1567 2084 1671 2110 Petrus
1686 2083 1720 2109 de
1736 2082 1896 2112 Anibaldo;
1915 2082 2051 2107 dominus
2066 2079 2249 2106 'l'heobaldus

1276 2136 1311 2162 de
1328 2136 1433 2162 Sancto
1449 2133 1606 2160 Eustaebio
1626 2136 1654 2158 et
1669 2131 1804 2158 dominus
1821 2130 1970 2156 Johannes
1986 2129 2123 2159 Crassus,
2143 2128 2249 2154 milites

1275 2183 1416 2216 Romani3
1434 2183 1571 2216 magister
1586 2180 1754 2212 Palmerius,
1766 2178 1903 2212 magister
1916 2177 2052 2203 Dondeus
2067 2180 2095 2202 et
2111 2176 2250 2210 magister

1274 2232 1379 2258 Petrus
1395 2231 1429 2256 de
1446 2230 1568 2264 Supino‚
1585 2229 1682 2255 clerici
1698 2227 1805 2253 domini
1824 2234 1910 2261 pape;
1931 2226 2068 2259 magister
2084 2226 2188 2252 Petrus
2199 2232 2249 2251 ca-

1275 2281 1398 2308 nonicus
1411 2279 1584 2309 Verulanus,
1604 2281 1631 2303 et
1647 2276 1867 2303 Bai-tholomeus
1880 2275 1914 2300 de
1926 2274 1996 2301 Gisa
2013 2274 2137 2300 clericus
2148 2276 2249 2300 sancte

1270 2329 1359 2355 Mai-ie
1376 2328 1411 2354 de
1428 2327 1589 2354 Gaudentio
1613 2325 1802 2356 Fen-eatinus,
1825 2323 1874 2357 qui
1892 2323 2027 2358 premisis
2043 2321 2247 2348 interfuerunt.

1310 2377 1345 2404 Et
1367 2385 1420 2411 ego
1445 2376 1582 2402 Nicolaus
1608 2374 1781 2400 Ferentiuus
1803 2375 1902 2398 sancte
1924 2370 2054 2397 Romane
2077 2370 2199 2396 ecclesie
2220 2372 2249 2396 et

1275 2434 1390 2453 camere
1404 2425 1513 2451 domini
1533 2431 1603 2458 pape
1620 2421 1790 2449 scriniarius
1806 2420 1863 2446 hiis
1879 2419 1995 2446 interfui
2011 2422 2039 2445 et
2060 2421 2179 2452 rogatus
2194 2418 2249 2444 hec

1273 2477 1303 2502 in
1319 2475 1464 2510 publicam
1481 2473 1599 2500 sormam
1616 2471 1719 2506 scripsi
1736 2474 1764 2496 et
1778 2470 1895 2504 signum
1911 2468 1976 2495 feci.

1243 2614 1416 2650 [CCXCVll.
1449 2628 1483 2634 —
1513 2613 1630 2646 Qucum
1660 2619 1787 2639 vssNDrrio
1817 2617 1902 2636 FACTA
1931 2617 1964 2636 m:
1993 2616 2071 2635 Bonis
2101 2615 2192 2634 cEnTls
2221 2615 2249 2633 m

1276 2664 1392 2691 Fumone
1405 2666 1424 2690 ¹.

1310 2766 1328 2798 †
1344 2764 1376 2790 In
1398 2762 1512 2790 11010100
1533 2761 1640 2788 domini
1658 2760 1748 2787 nostri
1769 2759 1842 2785 Jesu
1866 2757 1982 2784 Christi.
2008 2756 2094 2782 Anno
2115 2755 2249 2790 ejusdem

1980 2848 1985 2859 .

1278 2910 1303 2937 1.
1321 2910 1336 2937 3
1351 2908 1445 2943 juillet
1458 2907 1535 2933 1238.
1546 2920 1582 2926 —
1594 2905 1669 2931 beon
1684 2903 1811 2930 Colonna
1821 2906 1850 2929 et
1861 2910 1914 2928 son
1926 2901 1970 2927 fils
1982 2900 2080 2934 Roger
2091 2901 2252 2926 renoncent

1242 2966 1278 2984 au
1292 2957 1377 2992 profit
1389 2956 1427 2982 du
1442 2954 1638 2987 Saint-Siege,
1653 2953 1820 2987 represente
1834 2959 1883 2985 par
1898 2949 2037 2976 Matthieu
2053 2947 2088 2974 de
2104 2947 2249 2982 Isperino,
