2392 3571
154 335 211 365 600
696 329 746 358 LE
770 328 914 357 LIBER
936 326 1170 357 CENSUUM
1193 326 1247 355 DE
1270 316 1456 355 L'EGLISE
1480 325 1689 355 ROMAINE.

191 402 251 427 visa
273 399 423 433 diligenter
446 401 473 423 et
494 397 580 426 lecta,
602 398 631 421 et
649 394 778 421 Jacobus
791 394 878 420 frater
897 393 966 420 dicti
985 392 1060 419 Petri
1077 392 1153 419 filius

192 448 291 483 prefati
308 446 453 475 Mai-tucii,
471 444 619 471 constituti
638 451 733 469 coram
755 442 911 468 venerabili
935 442 995 468 viro
1014 441 1152 475 magistro

190 497 308 524 Nicolao
328 496 362 521 de
384 494 485 521 Trebis
509 493 616 519 domini
635 500 706 527 pape
729 491 896 519 camerario.
919 498 972 517 sua
996 493 1153 525 spontanea

190 544 305 581 propria
321 548 349 570 et
362 543 449 570 libera
465 542 622 572 voluntate,
641 548 696 567 non
713 539 805 567 coacti
820 539 865 566 vel
879 539 943 565 dolo
959 539 1077 569 inducti,
1090 538 1154 573 qui-

191 594 259 620 libet
279 600 377 619 eorum
397 592 423 617 in
448 590 569 617 solidum
595 592 837 623 recognoscentes
857 588 944 614 libere
966 590 993 613 et
1014 594 1154 621 expresse

191 642 266 677 quod
287 641 487 676 progenitores
509 647 607 666 eorum
631 637 773 672 quondam
791 637 899 663 domini
917 637 1002 662 castri
1026 635 1153 661 Mirande

191 690 360 717 Narniensis
383 689 509 715 diocesis
526 688 620 722 ipsum
643 690 770 713 castrum
795 694 860 712 cum
879 685 996 720 juribus
1017 688 1044 710 et
1065 685 1154 718 perti—

190 739 295 766 nentiis
311 738 373 765 suis
389 741 417 763 et
433 740 527 763 cetera
544 740 574 762 ut
590 743 677 770 supra
692 736 719 761 in
738 735 866 770 proximo
885 742 976 768 usque
995 741 1045 768 pro
1062 732 1154 768 pretio

191 794 218 816 et
245 788 358 815 nomine
383 786 466 822 pretii
490 788 694 812 sexcentorum
723 785 873 818 sexaginta
897 791 948 810 sex
978 783 1153 809 florenorum

189 838 250 864 auri
273 841 302 863 et
323 836 443 862 duarum
469 835 591 869 partium
616 834 703 860 unius
720 832 820 859 ssoreni
841 833 914 859 auri.
932 831 1014 864 Quod
1032 831 1154 865 pretium

190 885 316 913 confessi
335 885 450 911 fuerunt
466 887 494 909 et
509 887 604 909 cetera
622 890 713 916 usque
730 882 757 908 in
780 881 876 909 finem.
896 881 1001 907 Actum
1018 880 1108 906 Reate
1124 884 1155 906 ut

189 943 292 969 supra,
318 933 501 968 presentibus
526 931 681 957 venerabili
705 935 784 965 patre
805 930 919 956 domino
943 929 1059 956 Andrea
1075 929 1154 964 epis-

191 992 278 1018 copo,
301 983 426 1009 dominis
448 981 576 1007 Ventura
601 980 752 1015 Raynerii,
776 979 978 1006 Bartholomeo
1002 978 1155 1012 Bontempi

192 1032 339 1059 canonicis
355 1031 497 1063 Reatinis,
515 1029 630 1056 domino
647 1028 818 1063 Raynucino
834 1028 869 1054 de
886 1027 981 1054 Murro
998 1027 1153 1060 capellano,

190 1081 324 1108 ,Iohanne
349 1079 491 1106 Mackario
516 1078 690 1105 marescalco
706 1077 810 1104 familie
832 1076 939 1103 domini
961 1084 1032 1111 pape
1055 1079 1083 1102 et
1105 1075 1156 1101 do-

191 1130 268 1156 mino
291 1128 475 1156 Lambertino
499 1128 532 1154 de
554 1126 715 1153 Tollentino
732 1126 869 1152 canonico
888 1124 1076 1157 Bononiensi,
1093 1127 1155 1150 tes-

192 1179 268 1205 tibus
284 1178 318 1205 ad
334 1178 388 1204 hoc
403 1177 522 1211 rogatis.

227 1227 262 1253 Et
277 1235 330 1261 ego
345 1225 473 1252 Jacobus
493 1225 591 1251 Pisani
613 1225 648 1251 de
666 1223 795 1250 Viterbio
813 1223 969 1258 apostolica
985 1223 1156 1248 auctoritate

192 1281 219 1303 et
241 1284 317 1302 nunc
332 1283 444 1302 camere
460 1274 567 1301 domini
584 1282 656 1308 pape
673 1274 811 1305 notarius,
829 1272 978 1307 premissis
996 1271 1113 1298 interfui
1129 1275 1157 1296 et

193 1334 225 1352 ea
246 1330 363 1359 rogatus
388 1323 515 1350 scribere
535 1323 655 1349 fideliter
671 1321 773 1356 scripsi
790 1326 818 1347 et
833 1321 860 1346 in
878 1321 1020 1355 publicam
1037 1320 1156 1346 formam

194 1375 290 1409 redegi
308 1382 428 1408 meoque
445 1373 528 1407 signo
546 1372 668 1406 signavi.

162 1542 372 1577 [CCCLXVIIJ.
396 1555 429 1560 —-
453 1540 572 1566 Sommo
593 1547 681 1565 neem
703 1546 825 1564 sommum
849 1546 881 1563 ns
903 1536 1058 1563 Fausixone
1074 1543 1158 1561 ι-ἈΟΤΑ

193 1599 270 1618 rinus
286 1599 379 1617 nomm
397 1590 507 1615 Mx‘mis
523 1597 556 1614 ne
574 1587 647 1614 Pam
661 1592 679 1613 ¹.

230 1700 260 1726 In
291 1699 404 1725 nomine
431 1698 560 1731 Domini,
592 1705 682 1723 amen.
716 1697 801 1722 Anno
827 1695 991 1721 Nativitatis
1017 1694 1159 1720 dominice

195 1747 458 1779 MCCLXXXXV,
474 1747 610 1773 inditione
624 1745 702 1778 VIII,
715 1745 824 1772 mensis
836 1744 934 1779 aprilis
945 1744 990 1770 die
1003 1743 1044 1769 III
1057 1743 1161 1769 intran-

195 1799 245 1827 tis,
265 1797 447 1832 pontificatus
461 1795 567 1821 domini
585 1794 723 1821 Bonifacii
741 1802 811 1828 pape
828 1793 898 1819 VIII
915 1802 988 1819 anno
1009 1793 1110 1827 primo.
1131 1792 1158 1818 in

201 2008 222 2034 1.
239 2006 340 2032 Latran
353 2029 358 2035 ,
376 2005 389 2032 3
405 2005 475 2031 avril
500 2005 574 2031 1295.
592 2020 622 2023 -—
646 2003 797 2035 Muratori,
814 2005 890 2033 Ant..
907 2008 928 2029 t,
946 2002 988 2035 Il,
1006 2011 1032 2037 p.
1050 2002 1110 2029 819.
1126 2016 1163 2023 -—

161 2055 303 2081 Adenulfe
327 2059 353 2080 et
376 2054 491 2080 Nicolas
514 2053 548 2079 de
572 2054 659 2088 Papa,
685 2052 829 2078 habitants
852 2052 1008 2086 d'Amgni,
1035 2051 1162 2077 donnent

161 2104 306 2138 quittance
327 2105 341 2128 a
364 2102 536 2136 Theoderic‚
554 2102 692 2128 camel-ier
709 2102 742 2127 de
762 2100 898 2127 Boniface
915 2099 999 2133 VIII,
1018 2108 1089 2134 pour
1106 2108 1161 2126 une

162 2155 280 2179 cre'ance
297 2152 330 2178 de
352 2152 402 2179 865
417 2151 452 2186 ²l3
466 2151 566 2177 ssorins
587 2150 646 2176 d'or
668 2150 753 2184 qu'ils
774 2151 886 2176 avaient
910 2158 959 2176 sur
976 2150 1017 2175 les
1033 2157 1105 2183 gens
1127 2148 1162 2174 de

161 2201 330 2235 Frosinone,
346 2205 374 2227 et
388 2202 436 2235 qui
454 2201 514 2226 leur
531 2204 574 2226 est
591 2202 678 2234 payee
695 2208 743 2234 par
760 2199 784 2225 le
801 2201 892 2225 tresor
909 2197 1062 2232 pontifical.

1271 391 1415 426 presentia
1431 392 1487 418 mei
1502 392 1605 418 notarii
1621 394 1649 417 et
1664 392 1780 418 testium
1796 390 2037 426 subscriptorum,
2056 390 2165 417 nobiles
2181 392 2234 418 viri

1270 439 1463 474 Adenulphus
1488 443 1515 466 et
1536 439 1674 466 Nicolaus
1696 440 1746 466 filii
1770 439 1914 474 quondam
1938 439 2045 465 domini
2072 439 2176 465 Mathie
2200 439 2235 465 de

1270 489 1360 523 Papa,
1379 489 1458 514 cives
1474 489 1634 522 Anagnini,
1652 496 1747 515 coram
1763 487 1917 514 venerabili
1933 488 1994 514 viro
2012 487 2127 514 domino
2141 487 2235 514 Theo-

1271 537 1368 564 derico
1388 537 1496 563 domini
1513 545 1584 571 pape
1606 536 1763 563 camerario
1779 535 1968 570 personaliter
1983 535 2236 566 constitutiscon-

1270 586 1342 612 fessi
1365 589 1433 611 sunt
1454 589 1482 611 et
1505 588 1736 619 recognoverunt
1760 592 1791 611 se
1815 584 1950 611 habuisse
1976 592 2008 610 ac
2034 584 2178 618 recepisse
2201 584 2235 610 ab

1271 634 1371 660 eodem
1396 633 1510 659 domino
1533 633 1690 660 camerario
1712 633 1797 659 dante
1819 636 1847 659 et
1866 634 1994 659 solvente
2011 633 2054 659 eis
2073 633 2188 659 nomine
2203 641 2236 659 ac

1271 683 1334 709 vice
1349 682 1526 708 sanctissimi
1549 682 1636 717 patris
1659 682 1767 708 domini
1790 681 1926 708 Bonifatii
1946 682 2043 708 divina
2059 681 2237 716 providentia

1272 739 1344 765 pape
1360 730 1447 761 VIII,
1474 730 1603 756 Romane
1628 731 1750 757 ecclesie
1775 735 1803 757 et
1827 738 1938 757 camere
1963 738 2029 761 sue,
2055 730 2237 764 octingentos

1272 781 1422 814 sexaginta
1439 787 1489 806 sex
1505 779 1630 806 florenos
1646 783 1674 806 et
1688 780 1760 806 duas
1776 783 1872 815 partes
1888 780 1974 805 unius
1992 778 2093 805 ssoreni
2109 779 2170 805 auri
2187 787 2237 813 pro

1273 830 1420 856 sexcentis
1441 828 1649 862 quinquaginta
1670 828 1751 854 libris
1771 828 1947 863 provesinis,
1966 836 2037 862 quas
2053 827 2126 854 idem
2144 827 2238 854 domi-

1273 886 1327 904 nus
1344 877 1466 903 Mathias
1483 881 1563 911 pater
1578 885 1677 903 eorum
1700 876 1766 903 dum
1791 877 1900 903 viveret
1918 880 2097 902 mutuaverat
2113 876 2238 902 homini-

1273 927 1327 953 bus
1349 927 1435 953 castri
1451 926 1486 952 de
1507 925 1668 952 Frusinone
1685 933 1734 959 pro
1755 925 1923 951 liberatione
1938 933 1970 951 ac
1985 925 2166 952 absolutione
2183 925 2238 951 bo-

1272 976 1382 1002 minum
1404 975 1472 1001 dicti
1495 975 1582 1001 castri
1603 984 1618 1000 a
1641 974 1822 1000 restitutione
1843 974 1904 999 sive
1925 973 2067 999 solutione
2083 973 2169 1000 debiti
2185 981 2238 1000 seu

1272 1024 1364 1050 mutui
1394 1025 1514 1058 pecunie
1543 1023 1717 1058 supradicte.
1748 1022 1823 1049 Dicti
1850 1030 1965 1056 quoque
1991 1021 2183 1055 Adenulphus
2211 1026 2239 1048 et

1273 1073 1411 1100 Nicolaus
1429 1076 1672 1107 recognoscentes
1688 1072 1776 1098 libere
1797 1076 1823 1098 et
1846 1079 1983 1106 expresse
2000 1071 2043 1096 eis
2059 1071 2117 1097 fore
2136 1069 2170 1096 de
2187 1070 2240 1097 hu-

1270 1121 1398 1156 jusmodi
1416 1125 1515 1147 mutuo
1528 1121 1638 1155 integre
1650 1120 1841 1151 satisfactum,
1855 1120 1970 1146 nomine
1987 1128 2050 1151 suo,
2064 1119 2201 1145 heredum
2213 1122 2241 1145 et

1275 1179 1478 1197 successorum
1496 1179 1625 1203 suorum,
1639 1170 1832 1204 promiserunt
1847 1169 1939 1195 eidem
1953 1168 2068 1194 domino
2084 1167 2241 1194 camerario

1275 1219 1424 1253 recipienti
1437 1223 1465 1245 et
1481 1219 1629 1253 stipulanti
1644 1219 1756 1244 nomine
1768 1227 1800 1244 ac
1817 1218 1879 1244 vice
1895 1217 2001 1243 domini
2016 1225 2098 1252 pape,
2112 1216 2241 1243 Romane

1275 1268 1397 1294 ecclesie
1414 1272 1439 1293 et
1457 1267 1604 1293 hominum
1618 1266 1822 1301 predictorum.
1837 1274 1892 1292 non
1908 1266 2066 1300 inquietare
2079 1265 2123 1291 vel
2139 1265 2242 1291 moles-

1276 1322 1334 1343 tare
1350 1317 1383 1342 de
1401 1321 1495 1342 cetero
1512 1317 1644 1342 homines
1660 1315 1789 1350 ejusdem
1807 1315 1893 1341 castri
1915 1315 1949 1340 de
1972 1314 2133 1340 Frusinone
2154 1321 2242 1348 super

1275 1365 1457 1391 restitutione
1475 1365 1594 1398 pecunie
1616 1373 1666 1391 seu
1691 1365 1783 1390 mutui
1801 1364 2008 1398 predictorum
2027 1363 2076 1389 sed
2093 1364 2172 1397 ipsos
2188 1362 2241 1388 ab·

1277 1414 1424 1439 solverunt
1435 1417 1463 1438 et
1475 1414 1666 1438 liberaverunt
1679 1413 1790 1447 precise
1802 1422 1817 1438 a
1829 1413 1924 1438 debito
1937 1416 2104 1444 memorato,
2115 1412 2153 1437 ita
2163 1411 2239 1446 quod

1276 1463 1427 1488 occasione
1453 1461 1618 1495 hujusmodi
1648 1461 1738 1487 mutui
1765 1461 1806 1486 eis
1836 1461 1879 1486 vel
1906 1468 2004 1486 corum
2031 1460 2186 1486 heredibus
2212 1460 2242 1486 in

1277 1511 1353 1537 nullo
1370 1510 1404 1535 de
1421 1515 1516 1536 cetero
1534 1513 1693 1535 teneantur.
1718 1508 1930 1535 Renuntiantes
1953 1508 1981 1534 in
2005 1508 2060 1534 biis
2080 1508 2243 1543 exceptioni

1277 1568 1333 1586 non
1348 1563 1493 1585 numerate
1505 1567 1559 1584 non
1570 1558 1670 1584 tradite
1681 1559 1723 1583 vel
1733 1558 1826 1584 solute
1836 1559 1878 1584 eis
1888 1558 2014 1592 predicte
2025 1558 2145 1592 pecunie
2155 1566 2243 1592 quan-

1277 1610 1378 1639 titatis,
1391 1608 1528 1633 beneficio
1539 1607 1730 1633 restitutionis
1740 1607 1783 1641 [in]
1795 1607 1950 1641 integrum,
1962 1608 2114 1641 omnisque
2125 1607 2244 1633 alterius

1277 1657 1398 1684 actionis
1419 1660 1446 1682 et
1464 1658 1540 1691 juris
1563 1656 1693 1682 canonici
1715 1660 1742 1682 et
1763 1655 1857 1681 civilis
1878 1656 1983 1681 auxilio
2007 1664 2056 1690 per
2079 1655 2154 1689 quod
2177 1655 2243 1682 huic

1278 1707 1468 1733 instrumento
1490 1706 1533 1732 vel
1556 1706 1629 1732 facto
1655 1709 1752 1739 posset
1775 1705 1956 1739 aliquatenus
1972 1705 2045 1731 obici
2068 1705 2110 1730 vel
2127 1704 2242 1739 opponi.

1279 1757 1385 1782 Actum
1402 1755 1541 1788 Laterani,
1555 1756 1581 1781 in
1597 1763 1710 1781 camera
1722 1754 1940 1789 prefatildomini
1953 1754 2111 1784 camerarii,
2125 1761 2245 1788 presen-

1279 1805 1356 1831 tibus
1380 1804 1534 1830 Lansrnnco
1556 1804 1678 1829 Clarenti
1695 1803 1729 1829 de
1748 1802 1885 1835 Pistor-io,
1905 1802 1999 1829 Lando
2017 1802 2105 1837 Sigoli
2126 1806 2153 1828 et
2170 1801 2244 1828 Dino

1279 1853 1394 1881 Orlandi
1414 1856 1447 1879 «lc
1466 1853 1608 1879 Florentia
1626 1853 1832 1878 mercatoribus
1854 1860 1976 1884 camere,
1993 1856 2021 1877 et
2037 1851 2168 1877 Gabriele
2185 1850 2243 1877 Da-

1280 1903 1351 1929 masi
1369 1904 1510 1928 scrvicnte
1528 1902 1634 1928 domini
1653 1910 1733 1936 pape,
1750 1901 1883 1927 testibus.

1314 1951 1349 1978 Et
1364 1960 1418 1985 ego
1434 1951 1561 1977 Jacobus
1579 1950 1675 1976 Pisani
1691 1950 1725 1976 de
1746 1949 1881 1979 viterbio,
1903 1954 1930 1975 et
1951 1953 2045 1974 cetera
2068 1954 2096 1974 ut
2112 1957 2199 1983 supra
2215 1948 2244 1974 in

1280 2001 1409 2035 proximo
1422 2005 1441 2027 ¹.

1281 2198 1304 2223 l.
1323 2197 1362 2223 Ici
1380 2197 1442 2222 [init
1458 2198 1481 2222 le
1499 2195 1656 2222 manuscrit
1672 2195 1809 2229 original,
1834 2194 1976 2219 Vaticanus
1992 2192 2072 2219 8485.

1008 2586 1061 2606 FIN
1084 2585 1123 2606 DU
1146 2584 1229 2606 TOME
1252 2584 1396 2605 PREMIER.
