2392 3571
139 320 198 350 432

180 386 295 421 quietos
312 392 451 412 vocamus
461 387 487 411 et
500 392 556 410 non
569 383 666 410 soluta
675 382 806 419 pecunia
820 381 882 419 (sic)
897 382 942 411 vel
955 383 1076 418 argenti
1088 390 1140 410 επ-

179 437 340 473 ceptionem
351 444 418 463 omn
426 436 475 463 ino
485 436 664 469 refutamus.
674 435 711 462 De
719 443 756 470 qu
764 435 923 462 ibusetiam
932 442 969 462 xx
980 434 1072 462 libras
1080 434 1140 462 luc-

180 489 313 517 censium
328 487 434 523 Soplzie
450 488 547 515 sorori
556 491 654 514 nostre
662 487 768 514 solcim
776 495 820 518 us,
830 495 904 523 quas
913 487 1008 514 erlzoc
1017 491 1141 522 arqento

176 546 264 578 pater
278 541 349 567 otim
369 544 466 567 noster
488 540 517 567 in
536 548 589 567 suo
608 544 781 567 testamento
799 544 896 567 tutum
915 539 985 567 dari
998 540 1140 576 precepit.

179 593 304 628 Ideoque
330 592 436 619 amodo
460 592 558 619 dictus
581 592 646 619 dom
654 593 683 619 in
691 600 724 619 us
748 600 827 628 papa
858 597 884 620 et
914 596 973 620 tota
1008 592 1140 620 Romana

178 645 298 673 ecclesia
315 645 412 680 quiete
427 653 541 680 semper
558 649 584 671 et
600 644 723 680 pacifice
738 652 773 671 es
792 644 847 672 hac
866 653 957 672 causa
971 649 1140 680 permanet.

177 697 222 725 Aa
236 697 286 723 hee
299 700 397 723 autem
413 696 623 731 promittimus
636 695 723 727 vobis,
741 700 771 723 ut
785 695 899 723 dictum
913 696 920 715 ¹
926 719 984 724 .....
997 704 1141 732 procura-

181 749 267 777 torio.
285 749 312 775 εἰ
330 748 433 783 atiquo
451 748 482 775 in
507 752 634 784 tempore
651 756 704 784 per
722 748 832 775 dietam
852 756 981 776 sororem
1006 753 1140 776 nostram

180 801 226 829 'vel
243 810 295 837 per
310 801 374 837 ejus
392 809 568 828 successores
588 801 632 828 cel
647 800 766 828 heredes
787 800 830 828 vet
849 810 903 837 per
918 801 1013 828 aliam
1031 810 1141 837 quam-

178 853 246 880 libet
262 861 419 889 personam
437 861 486 879 seu
504 853 594 880 etiam
612 860 665 888 per
680 852 889 888 obliyalionem
904 874 909 885 ,
925 854 1139 881 concessionem

178 905 224 933 ‘t‘el
245 905 459 932 alienationem
485 913 500 932 a
525 905 602 932 dieto
620 905 691 932 olim
714 909 800 941 patre
829 909 929 932 nostro
951 905 996 932 vel
1019 914 1036 932 a
1059 906 1142 933 nobis

181 957 306 991 filetum,
327 965 361 984 fac
383 957 439 985 hac
455 965 545 985 causa
563 957 716 993 predictus
732 957 796 984 dom
805 958 874 984 inus
886 966 966 994 papa
983 962 1008 985 et
1027 966 1142 985 sucees-

178 1018 258 1037 sores
282 1011 346 1045 eJ'us
375 1010 418 1037 cel
445 1010 564 1037 ecclesia
590 1010 722 1037 Romana
746 1010 912 1046 dampnum
937 1010 1062 1046 aliquod
1085 1020 1141 1047 pa·
1159 1027 1167 1034 -

179 1062 288 1095 tiatur,
302 1063 411 1098 quanti
429 1062 487 1089 erit
504 1062 673 1099 dampnum
691 1067 810 1090 tantum
828 1064 857 1090 in
877 1063 988 1091 nostris
1004 1064 1087 1091 bonis
1100 1064 1142 1091 eis

177 1115 364 1151 placentibus
379 1114 444 1141 sine
456 1115 543 1151 juris
558 1114 666 1150 offensa
682 1119 707 1142 et
724 1115 856 1151 alt'cujus
872 1115 955 1143 curie
968 1116 1141 1151 proclama-

175 1167 272 1201 tione,
287 1167 361 1203 jure
384 1168 523 1203 pignoris
542 1169 721 1196 auctoritate
736 1168 860 1204 propria
882 1169 1047 1197 vendicent.
1064 1169 1099 1196 Et
1115 1169 1141 1196 si

177 1220 384 1248 contradicere
409 1220 610 1255 voluerimus,
637 1229 653 1247 a
672 1221 744 1256 jure
765 1220 842 1256 quod
867 1221 895 1248 in
923 1221 1031 1248 eisdem
1058 1221 1150 1249 bonis·

178 1273 351 1300 habebimus
366 1272 511 1299 cadamus
528 1277 554 1300 et
571 1273 668 1309 ipsum
689 1272 857 1309 dampnum
874 1273 1020 1309 dupplum
1041 1282 1141 1301 emen-

178 1324 251 1352 dare
263 1328 429 1351 teneamur.
443 1324 498 1352 I'ro
510 1333 568 1360 quo
576 1324 715 1360 daznpno,
730 1326 757 1352 si
769 1325 923 1353 acciderit.
935 1330 960 1352 et
974 1326 1140 1362 subscripta

176 1385 270 1413 pena,
295 1376 321 1403 si
344 1376 561 1408 inciderimus,
581 1378 685 1404 omnia
706 1381 807 1404 nostra
827 1378 901 1405 bona
924 1386 978 1413 que
999 1378 1142 1405 habemus

177 1429 300 1457 ubilibet
316 1433 341 1456 et
356 1429 528 1457 habebimus
547 1430 625 1457 cobis
642 1438 698 1466 pro
714 1429 791 1457 dicto
806 1430 928 1458 dmnino
941 1439 1020 1467 papa
1036 1435 1061 1458 et
1077 1431 1142 1458 suis

176 1482 395 1509 successoribus
410 1481 578 1517 adimimus
594 1486 619 1508 et
638 1490 693 1518 pro
712 1482 794 1509 uobis
809 1487 835 1509 et
859 1483 970 1510 nostris
986 1483 1144 1511 heredibus

176 1538 203 1562 ct
218 1535 434 1561 suceessoritnts
448 1535 587 1570 precario
598 1535 786 1570 possidemus
801 1544 817 1562 a
834 1535 912 1563 dicto
927 1536 1049 1564 domino
1062 1546 1141 1573 papa

176 1590 202 1614 et
222 1587 450 1614 sueccssoribus.
473 1587 553 1613 Idem
578 1587 665 1614 tactis
686 1588 886 1615 sacrosanctis
908 1589 1074 1625 evangeliis
1085 1590 1142 1625 ju-

176 1647 285 1666 ramus
307 1643 332 1666 et
352 1639 564 1675 promittimus
586 1639 670 1667 nullo
694 1640 725 1667 ¹in
753 1644 880 1676 tempore
898 1641 966 1676 plus
986 1642 1028 1669 cel
1045 1642 1142 1678 majo-

176 1699 239 1719 rem
262 1699 413 1718 summam
439 1696 534 1727 petere
559 1693 616 1728 ipsi
643 1692 764 1720 doinino
787 1702 862 1729 pape
889 1698 914 1720 et
936 1694 1001 1721 suis
1027 1703 1143 1723 succes-

176 1743 294 1771 soribus
316 1743 359 1771 vet
375 1744 490 1771 ecclesie
511 1745 658 1779 Romane,⁴
675 1750 700 1772 et
718 1745 797 1773 hanc
815 1746 1027 1780 refutationem
1045 1752 1071 1775 et
1088 1756 1143 1784 que

177 1795 257 1823 dicta
278 1800 349 1823 sunt
369 1796 473 1824 omnia
495 1797 650 1824 observare
672 1802 697 1824 et
720 1802 823 1825 contra
848 1807 881 1826 ea
910 1808 1002 1835 neque
1026 1801 1144 1828 ratione

175 1847 366 1883 deceptionis,
381 1857 473 1884 neque
485 1849 615 1876 *minoris
631 1850 728 1879 etatis,
747 1855 896 1886 quantum
914 1852 953 1879 ad
968 1861 1011 1879 me
1024 1853 1144 1880 Bainu-
1184 1865 1187 1872 ¹

177 1898 257 1925 cium
275 1899 420 1934 pertinet⁷
443 1908 491 1927 nec
508 1900 599 1927 aliter
616 1900 677 1927 ullo
694 1900 779 1928 modo
797 1902 908 1929 venire.
928 1903 962 1929 Et
976 1903 1144 1938 spetialiter

177 1958 227 1986 eya
249 1950 428 1983 Itainutius,
445 1952 520 1987 juro
542 1961 577 1979 er
597 1961 654 1988 quo
679 1953 846 1988 lessitinuuu
874 1954 986 1989 riqinti
1008 1957 1143 1992 quinque

177 2010 328 2029 annorum
349 2007 453 2031 etatem
472 2004 610 2038 habuero,
629 2006 822 2041 confirmare,
839 2007 866 2033 si
888 2015 904 2034 a
926 2007 1003 2035 dieto
1020 2008 1143 2036 domino

174 2062 255 2091 papa
269 2059 294 2082 et
307 2056 371 2083 suis
383 2057 599 2084 successoribus
614 2058 763 2085 ereitatus
779 2068 837 2086 ero.
858 2060 1027 2088 Novissime
1040 2066 1140 2089 autem

180 2111 239 2134 tam
253 2116 308 2143 pro
321 2108 402 2135 notn‘s
414 2117 504 2144 quam
513 2118 568 2145 pro
581 2110 692 2137 nostris
703 2110 860 2139 heredibus
876 2116 902 2139 et
912 2114 1139 2147 suceessorilnts,

178 2158 260 2186 vobis
274 2167 329 2195 pro
347 2159 425 2187 dieto
440 2160 561 2188 domino
577 2170 656 2198 papa
678 2166 703 2189 et
725 2163 789 2190 suis
807 2165 1024 2192 sta-cessoribus
1039 2170 1065 2193 et
1083 2170 1141 2193 tota

179 2212 300 2239 ccclesia
328 2212 461 2240 Romana
491 2213 570 2241 lianc
598 2215 809 2248 refutationem
834 2220 860 2243 et
887 2225 942 2252 que
966 2217 1045 2245 dicta
1070 2224 1142 2246 sunt

175 2264 280 2291 omnia
294 2265 448 2293 observare
460 2270 485 2293 et
497 2266 663 2302 adimplere
675 2269 887 2303 promittimus
897 2270 950 2296 sub
961 2270 1143 2306 dictojura-

176 2317 286 2349 menti,
304 2321 329 2343 et
349 2318 402 2344 sub
418 2326 494 2353 pena
510 2319 680 2355 supradicti
697 2321 817 2356 arpenti
833 2330 950 2349 sumine
966 2322 1096 2359 duppla‚·
1117 2328 1142 2352 et

175 2367 273 2395 soluta
288 2376 363 2403 pena
382 2373 408 2395 et
424 2370 543 2397 cartula
559 2370 650 2406 firma
664 2378 853 2408 permaneat.

217 2420 312 2453 Quam
342 2421 467 2449 seribere
493 2423 671 2457 roqaeimus
694 2425 863 2453 Joliannem
887 2427 992 2455 Leonis
1013 2429 1144 2456 scrinia-

178 2471 261 2499 rium
279 2472 311 2499 in
329 2481 426 2501 mense
443 2478 467 2501 et
487 2475 649 2503 indictione
665 2478 876 2514 suprascripta
893 2487 970 2506 xxm.

216 2524 323 2551 Petrus
338 2525 525 2553 Sarraeenus
540 2527 644 2555 domni
659 2537 735 2565 pape
749 2530 942 2565 senescalcus,
965 2533 1055 2560 testis.

214 2576 321 2604 Petrus
337 2577 525 2605 Sarracenus
539 2580 689 2608 Joltannis
703 2582 877 2613 seriniarii,
897 2584 987 2611 testis:

215 2629 440 2657 Bai-tholomeus
455 2631 489 2658 de
509 2632 634 2666 Verulis,
653 2634 743 2661 testis.

213 2681 366 2709 Johannes
385 2682 529 2718 Greqorii,
553 2685 643 2712 testis.

217 2733 414 2768 Bellushomo,
434 2735 525 2762 testis.

216 2785 275 2819 Eflo
289 2785 439 2813 ,lohannes
455 2787 568 2818 Leonis,
585 2795 771 2817 sacrosancte
788 2791 916 2819 [fontane
934 2793 1050 2821 ecclesie
1065 2796 1143 2823 scri-

172 2943 198 2968 1.
218 2943 307 2970 Blanc
322 2945 393 2971 dans
410 2946 434 2971 lo
450 2949 616 2974 manuscrit.

685 317 732 345 121⁴]
758 317 900 346 LIBER
923 316 1156 346 CENSUUM
1181 316 1234 344 DE
1259 306 1443 344 L·EGLISE
1466 315 1677 345 ROMAINE.

1262 381 1400 416 niarius,
1426 382 1537 409 habens
1558 386 1730 418 potestatem
1756 382 1852 410 dandi
1877 387 1988 410 tutores
2009 387 2036 411 et
2059 387 2222 418 curatores,

1262 434 1478 470 emancipandi
1496 434 1600 468 etiam,
1623 434 1773 462 decretum
1798 434 2009 471 interponendi
2032 439 2057 463 et
2079 435 2226 464 alimenta

1263 486 1452 520 decernendi,
1470 487 1616 523 complevi
1632 491 1657 514 et
1673 487 1798 515 absolvi.

1224 642 1453 672 CLXXVIIII.
1477 659 1514 663 —
1536 642 1685 671 CAn‘ruLA
1710 651 1940 672 nceu'rATxoms
1966 652 2048 672 FtLtE
2071 643 2229 673 Jomums

1264 694 1444 724 CApAnoMs
1460 703 1555 723 sumsit
1574 703 1717 723 clvlTA'rss
1732 694 1938 724 CASTELLANA
1951 697 1972 724 ¹.

1304 799 1338 826 In
1357 799 1481 827 nomine
1492 799 1623 834 Domini,
1640 809 1738 828 anien.
1755 800 1841 828 Anno
1852 800 1981 836 ejusdem
2001 801 2231 829 incarnationis

1263 851 1427 879 millesimo
1444 852 1602 880 ciete-simo
1619 860 1744 886 Lxxxxw’,
1773 852 1938 880 indictione
1960 861 2031 885 xm,
2049 854 2160 881 mensis
2174 853 2229 890 ja-

1264 903 1374 930 nuarii
1392 903 1440 931 die
1457 912 1506 935 xx,
1526 904 1706 940 temporibus
1722 904 1841 932 domini
1865 905 2004 933 Celestini
2024 906 2138 933 summi
2150 914 2228 943 pon-

1265 956 1357 991 tificis
1379 960 1404 983 et
1427 957 1615 984 universatis
1638 957 1684 984 Ill
1703 965 1789 993 pape.
1814 957 1872 993 qu
1896 958 2016 993 quidem
2040 958 2137 994 Sossia,
2161 958 2229 994 filia

1263 1008 1335 1035 olim
1353 1009 1503 1036 „Iohannis
1520 1009 1717 1045 Caparronis,
1738 1009 1793 1037 hac
1809 1009 1856 1037 die
1871 1010 2004 1045 presenti
2020 1011 2146 1047 propria
2163 1018 2229 1038 mea

1264 1060 1337 1088 bona
1356 1061 1509 1088 voluntate
1523 1061 1610 1088 nulla
1624 1061 1733 1095 fraude
1748 1061 1793 1089 vel
1809 1061 1874 1090 dolo
1889 1061 2015 1089 itzducta
2029 1070 2082 1090 nec
2094 1063 2124 1090 vi
2137 1063 2228 1090 etiam

1264 1117 1376 1146 coacta,
1398 1113 1504 1148 refuto,
1526 1114 1668 1142 renuntio
1684 1118 1772 1150 atque
1790 1115 1908 1142 remitto
1924 1119 2024 1142 sancte
2039 1115 2169 1143 Romane
2184 1124 2231 1144 ec-

1264 1165 1350 1192 clesie
1366 1169 1391 1192 et
1410 1164 1532 1193 domino
1550 1165 1694 1193 Celestino
1709 1174 1828 1194 summo
1841 1166 1981 1203 pontifici
1999 1170 2023 1194 et
2041 1167 2094 1194 tibi
2110 1167 2232 1196 domino

1260 1217 1432 1253 presbytero
1449 1217 1585 1245 Simeoni
1602 1219 1764 1246 constituto
1786 1227 1803 1246 a
1824 1219 2035 1247 cardinalibus
2050 1219 2164 1247 scilicet
2179 1219 2232 1247 do-

1265 1270 1350 1297 mino
1372 1270 1402 1298 C.
1429 1270 1599 1298 camerario
1622 1270 1741 1298 domini
1770 1279 1846 1308 pape
1874 1275 1899 1299 et
1924 1271 2049 1300 diacono
2075 1272 2232 1300 cardinali

1263 1321 1373 1349 Sancte
1390 1322 1488 1357 Lucie,
1506 1327 1531 1350 et
1543 1322 1665 1351 domino
1682 1324 1712 1351 C.
1729 1323 1886 1351 cardinali
1903 1324 2009 1352 Sancti
2027 1323 2230 1352 Laurentiiin

1264 1373 1390 1408 Lucina,
1414 1379 1439 1402 et
1455 1374 1577 1402 domino
1594 1379 1618 1402 et
1634 1377 1781 1411 maqistro
1798 1376 1829 1404 F.
1847 1375 2004 1404 cardinali
2023 1376 2130 1404 Sancti
2148 1376 2232 1404 Mar-

1264 1426 1333 1454 celli
1352 1435 1442 1463 super
1463 1427 1518 1455 hac
1541 1435 1633 1455 causa
1655 1428 1867 1464 procuratori,
1892 1436 1979 1456 omne
1992 1429 2046 1464 jus
2068 1433 2093 1456 et
2111 1436 2231 1456 omnem

1264 1479 1412 1506 actionem
1430 1479 1492 1507 sice
1510 1480 1658 1507 rationem
1679 1472 1722 1508 rel
1739 1480 1829 1508 etiam
1852 1481 2031 1516 peticionem
2049 1488 2232 1517 quamcum-

1265 1539 1321 1567 que
1338 1539 1432 1567 usque
1453 1531 1538 1559 modo
1555 1532 1647 1559 habui
1666 1533 1711 1560 vel
1729 1532 1835 1560 habere
1852 1533 1938 1569 potui
1954 1533 2016 1561 sive
2033 1533 2141 1569 putavi
2157 1541 2232 1569 quo-

1265 1592 1394 1620 cumque
1410 1584 1497 1612 modo
1510 1584 1655 1612 adversus
1671 1585 1836 1613 Romanam
1857 1585 2009 1613 ecclesiam
2026 1585 2072 1613 vel
2089 1585 2180 1613 etiam
2198 1585 2232 1613 in

1262 1636 1444 1672 pignoribus
1460 1645 1477 1664 a
1494 1637 1574 1664 dicta
1590 1637 1711 1665 ecclesia
1725 1638 1811 1674 patri
1827 1646 1891 1665 meo
1900 1637 2036 1666 Johanni
2047 1637 2233 1674 Caparronis

1265 1689 1450 1723 constitutis,
1467 1689 1579 1726 scilicet
1598 1690 1629 1717 in
1650 1689 1774 1717 civitate
1792 1690 1961 1718 Castellana
1981 1690 2064 1718 intus
2080 1694 2105 1718 et
2122 1690 2234 1726 deforis

1264 1745 1290 1769 ct
1309 1742 1340 1769 in
1355 1750 1418 1777 t’Jus
1432 1743 1577 1770 comitatu
1592 1747 1617 1770 et
1636 1743 1665 1770 in
1682 1742 1847 1770 Julianello
1863 1746 1888 1770 et
1907 1742 1938 1770 in
1950 1743 2093 1770 Montalto
2105 1747 2130 1770 et
2144 1751 2233 1779 yene-

1265 1794 1374 1821 raliter
1390 1794 1572 1830 ubicumque
1588 1794 1621 1822 de
1644 1795 1716 1831 ipsis
1733 1794 1916 1831 piqnoribus
1931 1794 2052 1830 aliquid
2071 1803 2128 1823 esse
2146 1795 2234 1823 inve-

1266 1847 1363 1881 nitur,
1384 1847 1473 1874 nulla
1492 1848 1569 1875 milii
1586 1849 1722 1884 amplius
1743 1849 1773 1876 in
1793 1852 1850 1876 toto
1870 1848 1921 1876 illo
1936 1848 2062 1884 piynore
2080 1852 2233 1876 reservata

1265 1900 1448 1928 conditione.
1469 1900 1641 1936 Propterea,
1664 1902 1737 1937 quia
1753 1901 1904 1936 fratribus
1926 1901 2000 1928 meis
2015 1901 2084 1928 bene
2098 1901 2233 1928 solutum

1264 1960 1322 1979 esse
1337 1952 1482 1988 profiteor
1500 1957 1592 1980 totum
1613 1953 1744 1980 debitum
1766 1957 1889 1989 propter
1909 1952 1987 1989 quod
2000 1952 2138 1989 predicta
2157 1952 2234 1980 bona

1261 2006 1348 2041 patri
1366 2014 1429 2033 meo
1450 2006 1577 2040 fuerunt
1594 2006 1724 2042 obliqata
1740 2010 1765 2034 et
1782 2005 1815 2033 de
1831 2005 1971 2033 omnibus
1986 2013 2042 2041 que
2059 2013 2094 2033 ex
2112 2004 2167 2033 illa
2180 2012 2234 2041 pe-

1265 2059 1359 2086 cunia
1379 2058 1424 2086 vel
1446 2066 1481 2086 em
1500 2058 1554 2086 illo
1572 2058 1667 2086 debito
1685 2057 1724 2086 ad
1742 2066 1786 2086 me
1801 2058 1962 2094 pervenire
1984 2057 2152 2085 debuerunt
2170 2057 2233 2085 sive

1264 2118 1300 2138 ω]
1314 2111 1496 2138 successione
1510 2115 1640 2147 paterna
1656 2112 1718 2139 sive
1734 2119 1769 2139 eoe
1787 2111 1888 2147 patris
1905 2114 2077 2138 testamento
2096 2110 2141 2138 vel
2159 2118 2234 2146 quo-

1266 2171 1395 2199 cumque
1417 2163 1479 2191 alio
1501 2163 1586 2192 modo
1612 2173 1655 2191 me
1678 2163 1746 2192 bene
1767 2164 1900 2200 quietam
1925 2172 1993 2191 voco
2017 2167 2043 2191 et
2065 2162 2234 2199 exceptioni

1263 2224 1323 2243 non
1342 2220 1501 2244 numerate
1519 2217 1645 2252 pecunie
1663 2216 1732 2244 inde
1751 2216 1910 2244 renuncio.
1933 2216 2070 2244 Preterea
2087 2215 2235 2252 promitto

1266 2268 1320 2296 tibi
1335 2268 1459 2296 domino
1469 2269 1641 2305 presbytero
1654 2269 1797 2305 Symeoni
1810 2269 1941 2304 leqitime
1954 2268 2119 2305 stipulanti
2130 2276 2233 2297 coram

1265 2320 1443 2357 subscriptis
1465 2321 1585 2349 testibus
1612 2330 1657 2349 me
1683 2321 1799 2349 dictum.
1817 2321 1871 2357 jus
1894 2321 2007 2349 scilicet
2028 2320 2061 2349 de
2081 2320 2233 2357 jamdicto

1261 2373 1391 2410 piqnore
1410 2374 1491 2401 nulli
1511 2382 1635 2410 persone
1656 2373 1826 2402 vendidisse
1846 2381 1940 2409 neque
1961 2373 2086 2401 donasse
2106 2373 2152 2401 vel
2170 2370 2234 2400 ullo

1264 2425 1355 2453 etiam
1374 2426 1435 2454 alio
1454 2426 1540 2454 modo
1556 2427 1716 2454 alienasse.
1737 2427 1772 2454 Et
1788 2427 1842 2454 hoc
1863 2426 1908 2454 ita
1929 2434 2033 2453 verum
2051 2434 2108 2453 esse
2125 2429 2150 2453 et
2168 2425 2234 2453 dic-

1267 2482 1327 2505 tam
1345 2478 1560 2513 refutationem
1576 2487 1627 2506 seu
1643 2479 1851 2506 remissionem
1864 2482 1953 2514 atque
1969 2478 2233 2506 renuntiationem

1265 2540 1381 2568 semper
1395 2536 1495 2559 ratam
1513 2532 1620 2559 habere
1639 2536 1663 2559 et
1682 2531 1768 2559 nullo
1781 2531 1867 2559 modo
1883 2535 1988 2559 contra
2005 2531 2108 2559 venire
2124 2531 2169 2559 vel
2179 2538 2234 2567 per

1265 2593 1311 2612 me
1337 2585 1380 2612 vel
1402 2593 1457 2620 per
1479 2584 1574 2611 uttam
1603 2584 1798 2612 summissam
1824 2592 1985 2621 personam
2007 2583 2140 2619 firmiter
2159 2591 2233 2620 pro-

1265 2637 1353 2664 mitto
1369 2641 1395 2664 et
1409 2645 1462 2673 per
1475 2641 1580 2665 sancta
1594 2637 1644 2664 Dei
1662 2637 1818 2673 ecanqelia
1834 2636 2033 2672 corporaliter
2049 2644 2146 2663 manu
2159 2643 2233 2672 pro-

1262 2691 1335 2727 pria
1353 2690 1434 2724 juro,
1455 2689 1643 2717 renuncians
1658 2689 1919 2725 superjamdictis
1932 2688 2074 2717 omnibus
2088 2688 2234 2724 omniju-

1264 2743 1309 2770 ris
1340 2751 1391 2769 seu
1421 2741 1651 2770 consuetudinis
1684 2741 1831 2777 benefitio.
1866 2741 1924 2774 One
1954 2740 2059 2769 omnia
2093 2741 2119 2768 si
2146 2741 2234 2777 plene

1262 2911 1285 2937 1.
1310 2911 1344 2937 20
1363 2911 1476 2944 janviel·
1500 2910 1575 2936 1195.
1599 2925 1627 2929 —
1652 2909 1797 2940 Muratori,
1823 2913 1843 2936 t.
1868 2908 1902 2942 V,
1927 2917 1953 2942 μ.
1975 2908 2036 2935 845.
2058 2923 2090 2927 -
2112 2908 2232 2942 Sophie,

1224 2967 1303 2985 soeux·
1317 2959 1368 2984 des
1381 2958 1562 2992 precedents,
1578 2957 1666 2983 ratifie
1679 2957 1703 2982 ln
1714 2957 1870 2991 quittancc,
1885 2964 1919 2982 on
1931 2963 1963 2981 ce
1978 2956 2027 2990 qui
2039 2956 2064 2981 la
2077 2964 2230 2983 conce-rue.
