2392 3571
636 353 686 382 LE
709 352 855 382 LIBER
877 350 1111 382 CENSUUM
1135 350 1189 379 DE
1213 345 1399 380 L'EGLISE
1421 351 1631 381 ROMAINE.
2123 353 2183 383 525

130 424 237 449 tentem
256 420 340 448 nobis
358 424 465 448 contra
479 419 633 448 ecclesiam
650 420 817 448 Romanam
832 419 952 447 ratione
967 426 1096 447 ccnxun

129 477 262 510 quatuor
291 473 444 501 librarum
474 473 644 501 lucensium
678 481 754 509 quas
787 473 932 501 mutuavi
960 480 1097 500 commu-

91 537 95 539 *
129 527 225 554 nitati
248 525 282 554 de
312 530 410 554 castro
438 525 580 559 Utriculi,
608 525 687 553 sicut
713 529 838 562 apparet
866 533 920 561 per
941 524 1096 561 publicum

130 579 373 608 instrumentum
387 579 535 615 scriptum
552 586 607 615 per
621 586 750 606 manum
761 577 911 606 Leonardi
921 576 1097 609 scriniarii,

93 649 96 651 Δ
130 631 209 669 quod
225 631 424 660 cancellatum
442 631 524 659 vobis
539 630 640 665 reddo,
654 635 680 659 et
691 630 772 658 dicta
784 630 848 666 ejus
858 629 952 657 deleri
964 628 1099 666 precipio

94 695 97 698 ’
130 689 164 713 ut
186 683 293 712 amodo
309 684 373 712 vim
389 683 436 712 vel
454 683 546 711 robur
564 682 685 710 nullum
704 682 861 719 optineant
881 686 906 709 et
925 681 1023 709 michi
1038 689 1099 709 non

128 736 292 774 proficiant
319 740 345 764 et
366 735 490 764 domino
512 743 589 772 pape
614 739 640 763 et
664 735 781 763 ecclesie
803 735 935 763 Romane
958 741 1020 762 non
1042 741 1099 761 no-

129 793 224 818 ceant.
245 787 317 817 Cedo
333 795 449 824 quoque
471 791 496 815 et
514 786 626 815 mando
645 786 728 815 vobis
745 795 801 824 pro
823 786 944 815 eeclesia
964 786 1099 814 Romana

130 845 157 870 et
173 841 238 869 dom
246 841 295 869 ino
308 848 389 877 papa
404 847 506 868 omnes
523 839 655 868 actiones
668 839 762 867 reales
776 843 802 867 et
816 838 995 875 personales,
1012 838 1101 866 utiles

129 899 156 923 et
175 894 318 928 directas,
340 893 449 921 tacitas
463 896 489 920 ct
505 900 674 929 eccpresSaS,
691 896 796 920 contra
813 891 951 920 homines
965 890 999 919 de
1017 891 1100 919 Ciri-

130 947 197 976 culo
215 946 311 975 michi
326 949 520 982 competentes
531 945 565 973 de
579 944 675 973 debito
693 945 723 972 in
737 953 794 981 quo
808 944 904 972 michi
921 944 1100 972 tenebantur

131 1000 202 1037 ipsi.
219 999 304 1028 Hanc
320 993 420 1027 aute'm
439 998 655 1033 refutationem.
670 1001 696 1025 et
712 997 872 1026 cessionem
891 997 973 1025 vobis
987 1005 1042 1034 pro
1058 1005 1099 1025 ec-

131 1052 222 1081 clesia
237 1052 373 1080 Romana
388 1055 414 1078 et
430 1050 554 1078 domino
567 1058 648 1086 papa
663 1049 797 1085 facimus
807 1049 881 1086 qaia
898 1049 992 1086 liquet
1007 1049 1100 1077 michi

131 1104 421 1135 castrum-Utriculi
441 1112 510 1132 cum
532 1111 586 1132 suo
610 1103 773 1131 tenimento
795 1107 821 1130 et
840 1102 982 1131 omnibus
1002 1102 1100 1139 perti-

132 1158 248 1187 nentiis
267 1158 333 1186 suis
354 1156 394 1185 ad
409 1157 563 1185 ecelesiam
581 1156 747 1184 Romanam
770 1159 795 1183 et
813 1155 972 1183 dominum
987 1163 1099 1192 papam

130 1211 219 1248 pleno
230 1211 304 1247 jure
321 1214 462 1247 spectare,
479 1213 505 1237 et
522 1209 689 1245 recepimus
707 1216 724 1236 α
742 1208 823 1236 vobis
838 1208 963 1235 nominc
981 1207 1101 1235 domini

132 1272 206 1301 pape
221 1267 246 1291 et
262 1262 380 1291 ecclesie
397 1262 528 1290 Romane
544 1269 599 1298 pro
615 1261 700 1289 omni
715 1260 897 1297 oblinatione
913 1265 938 1288 et
949 1261 1023 1296 jure
1040 1269 1102 1288 meo

132 1324 168 1345 cc
185 1316 279 1344 libras
295 1319 321 1343 et
336 1324 356 1343 v
371 1314 481 1343 solidos
497 1314 641 1342 bonorum
661 1313 863 1347 luccensium,
881 1313 915 1357 ele
932 1313 1040 1350 quibus
1055 1322 1102 1341 me

132 1369 202 1397 bene
230 1368 368 1405 quietum
395 1375 482 1401 voco,
508 1371 534 1395 et
559 1366 759 1403 exceptionem
786 1375 847 1394 non
872 1371 1032 1394 numerate
1051 1374 1102 1394 scu

133 1422 271 1450 restitute
294 1421 420 1457 pecunie
447 1420 554 1448 amodo
579 1428 724 1456 opponere
750 1420 907 1453 renuntio,
935 1424 961 1448 et
982 1428 1102 1448 omnem

133 1474 229 1504 aliam
252 1463 451 1510 erceptioncm
475 1473 532 1510 ipsi
554 1472 677 1501 domino
697 1481 774 1509 pape
794 1477 820 1500 et
839 1473 956 1501 ecclesie
973 1473 1104 1501 Romane

133 1528 320 1556 nocituram.
338 1526 393 1554 Jus
408 1534 478 1554 vero
494 1525 573 1562 quod
588 1529 692 1554 contra
709 1525 870 1553 dominum
887 1534 997 1562 papam
1013 1530 1039 1554 et
1057 1534 1105 1554 ec-

134 1581 257 1610 clesiam
273 1580 438 1608 Romanam
458 1578 549 1607 habeo
559 1586 614 1615 pro
630 1578 712 1607 dicta
725 1578 858 1615 pecunia
874 1582 900 1606 et
916 1578 1012 1606 michi
1027 1587 1104 1607 com-

133 1633 225 1671 petit,
250 1633 331 1661 nulli
347 1632 414 1660 dedi
435 1639 561 1669 persone
583 1639 634 1659 nec
657 1630 806 1659 mandavi
826 1631 889 1659 sive
911 1631 1036 1665 collusi,
1056 1631 1105 1660 sed

133 1686 160 1715 si
176 1689 335 1723 appareret
351 1684 430 1722 quod
447 1684 506 1712 ulli
525 1692 649 1721 persone
664 1683 808 1711 dedissem
831 1684 876 1712 vel
890 1684 1103 1713 alienavissem

134 1739 197 1768 sive
221 1738 420 1773 collusissem,
452 1745 538 1766 omne
564 1736 731 1773 dampnum
759 1736 838 1773 quod
859 1736 1003 1765 dominus
1026 1745 1106 1774 papa

135 1791 206 1819 inde
226 1791 367 1819 habuerit
388 1795 413 1818 et
440 1790 597 1826 inpensam
622 1797 713 1825 quam
731 1789 845 1824 fecerit,
867 1789 902 1817 in
924 1790 999 1817 meis
1022 1790 1107 1818 bonis

136 1843 195 1872 sibi
207 1844 277 1872 benc
289 1843 479 1880 placentibus
494 1842 676 1879 ubicumque
692 1843 812 1870 intrare
830 1842 967 1877 voluerit,
984 1843 1108 1871 nomine

137 1897 208 1925 bone
228 1896 358 1933 pleiarie
382 1900 558 1924 restaurare
578 1895 733 1932 promitto,
757 1895 815 1923 Pro
837 1895 946 1938 quibus
968 1896 1108 1924 omnibus

135 1949 323 1987 supradictis
345 1948 540 1976 observandis
562 1956 612 1984 eqo
634 1948 734 1976 dictus
758 1947 861 1976 Simon
889 1948 984 1984 obliyo
1011 1957 1057 1976 me
1082 1953 1107 1976 ct

136 2011 204 2031 mea
227 2002 315 2035 bona,
341 2006 367 2029 et
390 2001 530 2029 ammodo
553 2001 676 2029 nomine
700 2000 820 2028 domini
840 2009 916 2037 pape
940 2005 966 2028 et
991 2001 1108 2029 ecclesie

135 2055 268 2084 Romane
291 2055 430 2091 precario
460 2054 584 2082 nomine
613 2058 711 2099 tenere
741 2053 924 2090 conphsteor,
959 2053 1049 2082 donec
1074 2054 1108 2082 (Ie

137 2108 200 2136 hiis
214 2108 356 2136 omnibus
370 2116 387 2135 a
407 2107 490 2135 nobis
503 2107 598 2141 suerit
616 2106 675 2134 sibi
692 2106 839 2143 contliqnc
853 2107 1043 2141 satisfactum
1052 2118 1062 2142 ;
1081 2112 1108 2136 et

137 2161 172 2189 ab
190 2161 246 2189 hac
263 2161 339 2188 hora
362 2160 394 2187 in
421 2164 509 2187 antea
529 2159 673 2187 dominus
694 2167 773 2195 papa
795 2163 820 2186 et
844 2159 909 2195 ejus
931 2167 1108 2187 successores

138 2213 235 2250 adque
254 2213 375 2242 ecclesia
396 2213 529 2240 Romana
550 2211 637 2247 si[n]t
658 2211 769 2240 securi.
795 2211 899 2247 quieti,
928 2212 1105 2248 tranquilli,

136 2266 276 2304 pacifici,
294 2270 320 2294 et
337 2266 373 2293 ab
388 2265 473 2293 ‹nnni
494 2265 546 2292 lite
564 2268 589 2292 ct
609 2263 761 2300 questione
784 2264 901 2291 remoti.
923 2263 1108 2300 Supradicta

139 2319 245 2348 omnia
269 2327 319 2356 eqo
347 2323 533 2346 memoratus
556 2316 661 2346 Simon
685 2325 738 2353 per
765 2321 990 2344 sacramentnm
1017 2326 1034 2344 a
1063 2326 1109 2346 me

138 2372 339 2410 corporaliter
354 2371 514 2408 prestitam
535 2370 623 2398 tactis
640 2369 842 2397 sacrosanctis
857 2369 1023 2405 eranqeliis
1041 2374 1107 2398 rata

139 2426 290 2463 firmaque
316 2425 423 2453 habere
448 2423 593 2460 promitto
614 2431 667 2459 per
692 2431 738 2450 me
762 2426 788 2449 et
814 2431 891 2450 meos
915 2422 1034 2450 lim-estes
1059 2432 1109 2451 ro-

140 2479 184 2508 bis
213 2479 379 2508 Crescentio
411 2482 437 2505 et
470 2476 617 2512 magyistro
642 2475 783 2512 Philippo
812 2475 1027 2511 recipientibus
1054 2484 1110 2512 pro

140 2533 204 2569 ipso
220 2531 343 2560 domino
357 2539 437 2567 papa
454 2534 479 2558 et
495 2530 558 2565 ejus
573 2528 792 2557 successoribus
808 2527 904 2564 adque
918 2528 1037 2556 ccclesia
1054 2529 1110 2556 Ro-

140 2593 244 2619 mana,
264 2589 290 2612 et
308 2588 412 2612 eontra
431 2591 489 2610 non
512 2582 623 2610 venire.
653 2580 736 2614 Quod
755 2581 781 2607 si
806 2585 912 2608 contra
934 2581 1106 2616 fecerimus,

141 2638 187 2666 vel
202 2637 229 2665 si
245 2636 380 2673 predicta
397 2634 531 2672 capitula
549 2634 653 2662 onmia
669 2633 753 2670 plene
768 2642 824 2661 non
837 2633 1106 2669 abserrarcrimus,

139 2690 286 2727 promitto
305 2689 384 2717 vobis
401 2687 533 2723 legitime
553 2686 774 2723 stipulantilnts
791 2685 863 2713 dare
883 2690 908 2713 ct
932 2686 1044 2714 solvere
1060 2695 1110 2714 ro-

142 2743 185 2771 bis
201 2742 325 2770 nomine
343 2741 462 2769 domini
477 2748 553 2777 pape
568 2744 594 2767 et
609 2739 727 2767 ecclesie
743 2739 874 2767 Romane
891 2738 1017 2774 duplum
1036 2739 1111 2767 dicte

138 2796 267 2834 pecunie
293 2795 417 2823 nomine
439 2802 526 2830 pene,
557 2801 693 2829 panaque
715 2792 813 2820 solata
837 2792 888 2820 hec
910 2796 995 2820 carta
1017 2792 1110 2828 firma

140 2852 330 2885 permaneat.
350 2847 444 2880 Quam
461 2846 588 2874 scribere
605 2845 712 2880 roqaci
731 2844 851 2872 Petrum
872 2844 1018 2872 Rainaltli
1032 2846 1111 2873 scri-

141 2901 284 2929 niarium
305 2900 336 2928 in
355 2908 453 2927 mense
466 2903 492 2927 et
510 2898 556 2926 die
571 2897 720 2934 predicta.
737 2898 841 2925 Actum
862 2897 894 2924 in
905 2897 1022 2933 palatio
1037 2898 1111 2934 cpis-

143 2953 207 2990 copi
234 2953 417 2982 Narniensis
445 2959 545 2980 coram
578 2951 640 2987 ipso
668 2949 811 2986 episcopo.
844 2949 936 2977 Testes
964 2949 1011 2977 Ιιίἰ
1039 2955 1112 2979 sunt

142 3007 243 3043 rogati
260 3015 269 3034 :

1255 418 1380 447 Jacobus
1397 419 1431 447 de
1447 419 1595 449 Rainaldo
1609 431 1703 451 canon
1711 425 1774 453 icus
1788 426 1984 466 Narniensis‚

1257 471 1421 501 Rainerius
1439 473 1586 504 Gztidonis
1600 478 1634 506 de
1648 479 1863 517 Septimiliano
1879 485 1912 513 de
1924 485 2060 523 Sabinia,

1259 524 1477 562 Boneinsiqnia
1487 529 1585 564 judex
1597 530 1630 559 de
1646 532 1777 562 Maliane
1790 535 1824 563 de
1836 535 1926 566 Sabin
1934 538 1974 572 ia,

1258 576 1415 606 Donadeus
1429 581 1617 611 scriniarius
1633 584 1667 612 (Ie
1688 586 1830 622 t'tricuto,

1257 628 1411 658 Johannes
1428 631 1575 661 Guiclonis
1588 635 1621 663 tle
1640 637 1783 673 lfa-scuto,

1257 682 1411 711 Johannes
1422 685 1541 714 Abbatis
1559 687 1592 715 de
1607 689 1738 725 Narnia,

1258 734 1410 764 Johannes
1425 736 1458 764 de
1473 738 1588 768 Tibure.

1260 787 1319 823 qu
1336 788 1440 817 Petrus
1460 790 1494 818 de
1516 791 1624 822 Sancto
1645 795 1712 826 Polo
1736 798 1784 826 Dei
1806 802 1908 835 aratia
1928 809 2029 832 sancte
2050 805 2183 835 Romane

1220 839 1338 868 ecclesie
1347 842 1543 879 scriniarius,
1561 852 1683 883 royatus
1695 849 1772 878 hanc
1783 854 1933 882 cartulam
1944 857 2070 893 propria
2088 866 2185 887 manu

1220 892 1338 929 scripsi.

1183 1047 1237 1086 [7.]
1257 1049 1294 1077 De
1307 1051 1404 1079 eodem
1418 1052 1440 1079 ¹.

1262 1154 1299 1182 In
1324 1157 1446 1185 nominc
1470 1159 1603 1188 Domini.
1631 1163 1718 1192 Anno
1741 1166 1804 1202 ejus
1828 1169 2002 1199 nativitatis
2024 1173 2188 1203 millesimo

1225 1207 1414 1245 CCXXXIIII,
1435 1211 1602 1242 indictione
1622 1215 1674 1244 VII
1689 1222 1715 1245 et
1731 1226 1814 1247 anno
1835 1221 1900 1249 ΙἸΙΙ
1919 1224 2114 1260 pontificatus
2134 1227 2188 1255 do-

1226 1261 1307 1289 mini
1330 1262 1468 1299 Greqorii
1492 1266 1577 1295 VIIII
1592 1276 1678 1305 pape,
1704 1279 1802 1300 mense
1826 1279 1954 1309 auyasto
1981 1276 2028 1305 die
2049 1278 2105 1306 XV.
2130 1279 2190 1316 Eyo

1225 1313 1347 1349 quidem
1368 1316 1511 1345 Nicotaus
1529 1319 1652 1348 Ceronis
1674 1330 1737 1351 una
1757 1332 1824 1353 eum
1852 1326 1913 1362 ipso
1930 1333 2016 1364 patre
2036 1338 2107 1366 meo,
2135 1332 2191 1360 hac

1225 1365 1273 1394 die
1288 1369 1419 1403 presenti
1435 1375 1539 1400 nostra
1552 1375 1680 1410 propria
1697 1375 1771 1404 bona
1791 1378 1952 1415 voluntate,
1973 1384 2193 1413 renuntiamus

1225 1419 1360 1449 cedimus
1380 1426 1406 1450 et
1427 1424 1612 1454 mandamus
1638 1428 1717 1456 vobis
1739 1429 1862 1459 domino
1887 1433 2052 1463 l'rescentio
2074 1435 2194 1466 domini

1224 1479 1300 1508 papc
1320 1475 1494 1510 cappellano
1511 1482 1537 1505 et
1562 1480 1707 1515 magistro
1721 1482 1864 1520 Philippo
1885 1485 1919 1514 de
1936 1486 2063 1516 Ceccano
2083 1490 2193 1519 nuntio

1227 1524 1346 1554 domini
1365 1536 1441 1564 pape
1466 1530 1679 1567 recipientibus
1697 1539 1911 1571 procuratorio
1929 1541 2052 1569 nomine
2066 1551 2122 1579 pro
2140 1542 2194 1571 do-

1226 1579 1312 1607 mino
1329 1579 1469 1618 Greqorio
1489 1592 1608 1614 summo
1625 1587 1766 1623 pontifice
1785 1590 1907 1627 ejusque
1925 1595 2141 1624 successoribus
2158 1597 2193 1625 in

1223 1637 1402 1669 perpetuum
1423 1635 1463 1664 ad
1481 1645 1555 1674 opus
1579 1643 1605 1667 et
1625 1640 1790 1671 utilitatem
1813 1644 1930 1674 ecclesie
1949 1646 2088 1683 Romane,
2107 1649 2193 1678 vide-

1228 1684 1296 1713 licet
1312 1695 1399 1715 omne
1409 1689 1465 1725 jus
1482 1694 1508 1718 et
1526 1692 1672 1721 actionem
1689 1695 1862 1731 petitionem
1881 1704 2089 1736 competentem
2109 1702 2195 1731 nobis

1227 1743 1333 1767 contra
1350 1741 1503 1770 ecclesiam
1519 1744 1685 1774 Romanam
1706 1752 1733 1775 et
1753 1748 1912 1779 dominum
1927 1760 2055 1789 papam,
2074 1755 2194 1784 ratione

1229 1793 1399 1829 nonayinta
1415 1799 1441 1823 et
1456 1800 1518 1824 octo
1532 1796 1681 1827 librarum
1699 1800 1884 1831 laccensium
1902 1813 1977 1840 quas
1989 1807 2194 1842 equicolaus

1228 1844 1329 1873 dictus
1352 1849 1498 1877 mutuari
1523 1853 1738 1882 communitati
1762 1854 1796 1882 a'e
1823 1861 1921 1885 castro
1950 1858 2088 1895 Utriculi,
2113 1861 2194 1890 sicut

1228 1904 1354 1935 apparet
1371 1909 1425 1936 per
1442 1902 1602 1938 publicum
1620 1904 1859 1936 instrumentum
1882 1911 2033 1947 scriptum
2052 1921 2108 1949 per
2124 1922 2194 1942 ma-

1230 1959 1302 1979 num
1321 1953 1473 1982 ‚Iohannis
1490 1955 1582 1984 Riccii
1597 1958 1769 1995 seriniarii,
1787 1961 1866 1997 quod
1880 1963 2121 1994 instrumentum
2142 1975 2196 1995 vo-

1228 2003 1272 2031 bis
1287 2005 1487 2035 canccllatum
1508 2008 1674 2042 reddimus.
1692 2016 1718 2039 et
1731 2012 1811 2041 dicta
1827 2014 1892 2050 ejus
1902 2015 1996 2044 deleri
2009 2018 2197 2054 precipimus

1229 2060 1263 2084 ut
1284 2058 1424 2087 ammodo
1453 2060 1514 2088 vim
1546 2062 1590 2089 vel
1616 2063 1707 2091 robur
1733 2065 1852 2094 nullum
1877 2068 2033 2104 optineant
2060 2075 2086 2098 et
2111 2071 2196 2100 nobis

1230 2117 1289 2137 non
1312 2111 1477 2147 proficiant
1497 2118 1523 2141 et
1547 2114 1671 2143 domino
1689 2125 1766 2154 pape
1789 2123 1816 2146 et
1840 2120 1957 2149 ecclesie
1979 2122 2110 2151 Romane
2134 2133 2194 2153 non

1231 2168 1366 2191 noceant.
1385 2164 1525 2194 Cedimus
1541 2175 1657 2204 quoque
1677 2173 1702 2197 et
1722 2171 1905 2201 mandamus
1926 2174 2006 2202 vobis
2025 2183 2126 2204 omnes
2143 2186 2195 2206 ac-

1231 2215 1325 2243 tiones
1345 2217 1439 2245 reales
1460 2222 1486 2246 et
1503 2221 1687 2255 personales,
1711 2223 1802 2251 utiles
1823 2229 1849 2252 et
1868 2225 2012 2261 directas,
2040 2229 2147 2257 tacitas
2169 2234 2195 2258 et

1230 2275 1391 2304 cmpressas,
1412 2275 1516 2299 contra
1535 2272 1672 2301 homines
1693 2274 1727 2302 de
1746 2281 1843 2305 castro
1862 2277 1993 2307 Utriculi
2012 2280 2096 2309 nobis
2112 2290 2194 2310 conz-

1227 2324 1357 2357 petentcs
1373 2321 1407 2350 de
1422 2323 1517 2352 debito
1535 2325 1564 2352 in
1582 2334 1640 2361 quo
1659 2327 1718 2363 ipsi
1734 2329 1816 2357 nobis
1833 2331 2022 2360 tenebantur.
2037 2333 2122 2361 Hanc
2138 2343 2195 2363 au-

1231 2377 1286 2400 tem
1307 2375 1519 2409 refutationem
1536 2382 1562 2405 et
1577 2379 1736 2407 cessionem
1759 2381 1838 2409 robis
1848 2391 1904 2418 pro
1922 2384 2042 2413 ecclesia
2059 2386 2195 2416 Romana

1230 2429 1256 2452 et
1274 2425 1397 2454 domino
1412 2436 1491 2464 papa
1506 2430 1641 2463 feu-imus
1659 2432 1731 2467 qa'ia
1748 2433 1842 2469 liquet
1859 2435 1942 2463 nobis
1959 2441 2092 2465 castrum
2113 2439 2196 2468 [1νί-

1231 2478 1294 2505 culi
1311 2487 1378 2506 eam
1404 2487 1457 2507 suo
1477 2482 1638 2510 tenimento
1655 2488 1679 2511 et
1701 2485 1840 2513 omnibus
1862 2488 1927 2515 suis
1944 2489 2140 2524 pertinentiis
2157 2491 2197 2519 ad

1187 2532 1189 2534 “
1231 2530 1382 2558 ecclesiam
1400 2532 1564 2561 Romanam
1583 2539 1608 2562 et
1624 2535 1783 2565 dominum
1799 2546 1909 2575 papam
1929 2541 2018 2576 pleno
2026 2542 2100 2578 jure
2114 2551 2197 2580 spec-

1232 2587 1304 2617 tare,
1323 2588 1349 2611 et
1367 2585 1533 2621 recepimus
1549 2596 1565 2614 a
1585 2588 1662 2616 vobis
1682 2590 1803 2618 nomine
1818 2590 1938 2620 domini
1949 2602 2025 2630 pape
2040 2599 2066 2623 et
2081 2596 2198 2625 ecclesie

1230 2635 1360 2663 Romane
1373 2646 1428 2673 pro
1441 2640 1526 2667 omni
1542 2640 1722 2676 stbliglatione
1733 2646 1758 2670 et
1768 2643 1841 2679 jure
1854 2649 1953 2673 nostro
1968 2648 2126 2683 sezaqinta
2138 2654 2198 2678 tres

1231 2688 1326 2716 libras
1340 2693 1364 2716 et
1380 2698 1422 2717 vn
1439 2691 1548 2719 solidos
1559 2696 1584 2719 et
1597 2692 1763 2722 dimidiam
1778 2695 1936 2730 lut-censes,
1947 2699 2021 2734 quia
2032 2700 2097 2728 alia
2108 2709 2196 2737 pecu-

1233 2740 1284 2768 nia
1297 2749 1352 2777 que
1363 2743 1574 2771 continebatur
1586 2745 1617 2772 in
1632 2746 1835 2775 instrumento
1845 2754 1909 2777 erat
1920 2758 2031 2785 usura,·
2043 2751 2076 2780 de
2087 2753 2198 2788 quibus

1232 2910 1254 2935 1.
1276 2910 1380 2943 Nan-ni,
1401 2912 1430 2938 15
1446 2914 1513 2939 ausit
1532 2913 1608 2941 1233.
1629 2928 1664 2935 —-
1683 2915 1835 2948 Quintauce
1856 2918 1892 2944 de
1912 2919 2028 2947 Nicolas
2043 2921 2154 2950 Cei-one
2169 2927 2199 2951 et

1193 2957 1228 2983 de
1248 2966 1300 2984 son
1324 2960 1401 2993 μὲι-ε).
1423 2959 1564 2993 erenum,
1586 2962 1619 2989 93
1641 2963 1744 2990 livi-es:
1766 2973 1877 2992 somme
1899 2969 2035 3002 touchee,
2057 2970 2090 2997 63
2110 2972 2198 2999 livres

1194 3007 1209 3032 7
1225 3014 1296 3033 sous
1312 3007 1366 3042 112.
