2392 3571
659 347 708 375 LE
734 346 878 375 LIBER
901 344 1134 375 CENSUUM
1157 345 1212 374 DE
1236 335 1421 374 L‘Eciiisn
1447 346 1654 376 nomme.
2143 349 2202 379 557

147 414 239 449 posita
257 415 282 440 in
301 413 458 440 tenimento
473 415 560 440 castri
577 413 653 439 Puze
670 413 790 448 predicti
813 421 862 447 per
875 411 1037 437 Johaunem
1056 410 1115 436 Ro-

147 470 263 488 manum
276 461 407 495 judicem
423 466 450 488 et
466 462 648 488 scriniarium
671 461 845 487 confectum.
871 460 1043 487 Promittens
1063 459 1117 485 do—

147 511 244 536 minus
260 509 354 536 Guido
369 510 586 544 prenominatus
602 509 697 535 omnia
713 510 767 535 alia
782 509 982 539 instrumenta,
997 508 1115 542 privile-

147 559 202 592 gia,
220 562 314 584 cartas
330 562 358 584 et
373 559 493 592 litteras,
510 558 544 585 ad
560 562 686 584 castrum
704 557 780 583 Puze
797 557 955 592 predictum
973 565 1038 582 cum
1055 556 1117 583 suis

147 606 326 640 adjacentiis,
344 607 550 641 emptionibus,
568 607 719 640 acquisitis
737 610 765 632 et
788 606 922 631 omnibus
942 604 1117 639 supradictis

148 656 340 690 pertinentes,
363 655 387 681 si
409 655 530 681 inveniri
549 655 708 689 potuerint,
729 663 814 688 quam
832 655 918 680 citius
935 661 966 679 ea
985 652 1117 679 habuerit

147 704 255 730 domini
272 711 343 738 pape
365 711 477 729 camere
500 704 658 736 assignare.
687 702 818 728 Preterea
836 701 911 727 idem
929 701 1064 727 dominus
1079 700 1113 727 G.

147 752 214 778 fecit
226 752 321 783 finem,
335 751 551 784 quietationem‚
568 751 730 784 generalem
749 751 990 776 renuntiationem
1004 752 1032 775 et
1048 756 1115 783 pac-

147 804 218 832 tum,
240 799 274 825 de
297 808 351 825 uon
374 798 496 833 petendo
522 798 667 823 nominato
690 797 805 823 domino
829 797 986 823 camerario
1009 796 1116 822 domini

147 856 220 883 pape
235 851 263 874 et
279 847 402 873 ecclesie
418 846 548 872 Romane
562 846 686 878 nomine,
699 850 725 871 et
743 845 897 871 venerabili
913 845 982 879 patri
1000 845 1116 870 domino

145 896 173 923 J.
192 896 245 922 Dei
261 895 351 930 gratia
368 894 522 921 Sabinensi
539 895 677 928 episcopo
693 893 836 920 antedicto
858 901 907 927 pro
930 893 1074 919 universis
1089 895 1116 918 et

147 945 272 979 singulis
288 943 500 970 Sabinensibus
519 943 727 977 recipientibus
743 943 769 968 in
788 945 968 976 perpetuum,
985 941 1117 967 videlicet

147 993 182 1019 de
197 992 333 1018 omnibus
342 993 351 1026 j
360 992 469 1024 nribus,
479 991 654 1025 actionibus,
663 990 782 1016 utilibus
792 993 820 1016 et
829 990 958 1021 directis,
967 989 1061 1015 tacitis
1072 989 1117 1015 vel

147 1042 306 1076 expressis,
321 1040 505 1074 generalibus
521 1042 549 1065 et
565 1039 751 1074 specialibus,
770 1039 895 1064 realibus
911 1041 939 1064 et
955 1038 1116 1072 personali—

148 1090 214 1123 bus,
227 1089 424 1125 petitionibus,
436 1088 638 1123 questionibus
652 1092 680 1114 et
696 1087 916 1122 exceptionibus
930 1087 985 1113 sibi
1001 1094 1117 1121 compe-

147 1139 276 1165 tentibus
291 1141 390 1164 contra
406 1137 564 1164 Romanam
582 1137 746 1171 ecclesiam,
761 1140 789 1162 et
803 1136 954 1162 universos
969 1139 997 1162 et
1012 1135 1117 1169 singu-

147 1188 192 1214 los
207 1187 384 1213 Sabinenses
399 1193 450 1220 pro
466 1185 714 1219 possessionibus,
732 1184 940 1218 emptionibus,
954 1183 1116 1218 acquisitis,

148 1239 176 1262 et
191 1235 326 1261 omnibus
342 1235 405 1260 aliis
421 1233 606 1268 supradictis,
620 1236 648 1259 et
663 1233 697 1259 de
709 1233 841 1267 dampnis
853 1232 974 1259 ecclesie
987 1231 1117 1258 Romane

148 1284 275 1315 nomine,
292 1286 320 1309 et
335 1283 368 1309 ab
386 1282 574 1308 universitate
589 1285 616 1308 et
633 1281 832 1315 singularitate
846 1281 1050 1307 Sabinensium
1063 1289 1118 1307 un-

148 1332 310 1366 decumque
326 1335 353 1358 et
369 1331 641 1365 quomodocumque
662 1330 718 1356 sibi
739 1329 814 1356 datis
829 1330 856 1355 in
873 1333 983 1361 castro,
1001 1336 1119 1363 posses-

149 1381 292 1413 sionibus,
310 1379 516 1414 emptionibus,
534 1378 703 1412 acquisitis,
725 1386 777 1404 seu
799 1377 933 1403 omnibus
954 1376 1117 1404 antedictis.

147 1429 331 1456 Renuntians
343 1428 371 1454 in
384 1428 440 1454 hiis
454 1427 589 1453 omnibus
601 1430 628 1453 et
642 1427 766 1460 singulis
778 1426 954 1461 supradictis
967 1426 1118 1460 privilegio

148 1477 192 1503 vel
208 1477 368 1511 privilegiis
382 1477 525 1502 senatoris
538 1475 580 1501 vel
594 1479 771 1507 senatorum,
785 1478 841 1500 tam
853 1474 888 1500 de
904 1474 1037 1509 dampnis
1054 1482 1118 1508 pre-

147 1525 233 1552 dictis
247 1528 275 1551 et
291 1523 516 1551 diffidationibus
537 1523 710 1549 Sabinorum
734 1531 819 1556 quam
846 1523 881 1548 de
903 1522 1038 1548 omnibus
1054 1522 1119 1548 aliis

149 1573 310 1608 impetratis
326 1571 539 1606 quoquomodo,
558 1580 610 1598 seu
630 1572 715 1597 etiam
733 1571 930 1605 impetrandis.
949 1570 1012 1603 Que
1028 1571 1052 1597 si
1068 1570 1119 1596 de-

148 1625 245 1648 cetero
256 1620 570 1656 apparuerint,nullius
581 1620 687 1646 valoris
698 1623 783 1654 atque
796 1620 933 1645 momenti
945 1619 1117 1653 consistant,

148 1670 226 1696 inmo
251 1677 301 1704 pro
326 1669 425 1695 vacuis
447 1676 573 1702 semper,
600 1669 695 1694 cassis
719 1671 747 1694 et
775 1668 864 1694 irritis
887 1668 1056 1694 habeantur.
1083 1667 1119 1694 Et

147 1718 285 1751 deinceps
305 1717 333 1743 in
353 1720 436 1743 antea
459 1720 516 1743 tam
534 1716 664 1742 Romana
679 1716 803 1742 ecclesia
825 1719 852 1742 et
874 1715 912 1742 illi
934 1716 1040 1750 quibus
1055 1716 1119 1751 ipsa

148 1766 279 1794 Romana
302 1765 426 1792 ecclesia
446 1765 608 1791 vendiderit
632 1765 675 1790 vel
699 1765 879 1791 concesserit
901 1773 987 1799 quam
1003 1768 1030 1791 et
1054 1765 1120 1791 uni-

149 1815 225 1842 versi
248 1818 275 1841 et
297 1815 404 1849 singuli
428 1814 605 1840 Sabinenses
628 1814 734 1846 securi,
752 1813 853 1847 quieti,
872 1814 982 1848 pacifici
1009 1813 1067 1840 sint
1091 1817 1120 1840 et

149 1863 308 1898 tranquilli,
326 1866 354 1889 et
369 1863 403 1888 ab
420 1863 498 1888 omni
520 1861 577 1893 lite,
600 1862 738 1896 petitione
761 1865 789 1887 et
811 1861 963 1895 questione
980 1865 1119 1896 perpetuo

149 1911 261 1944 remoti,
278 1911 352 1945 quod
370 1919 423 1937 nec
438 1910 472 1936 ab
489 1911 552 1944 ipso
573 1910 690 1936 domino
711 1909 860 1941 Guidone,
879 1910 921 1935 vel
936 1909 970 1935 ab
987 1911 1052 1943 ejus
1068 1909 1118 1935 he-

149 1960 267 1987 redibus
281 1963 310 1986 et
328 1959 562 1990 successoribus,
579 1961 628 1984 aut
649 1958 683 1983 ab
706 1957 800 1992 aliqua
822 1958 855 1983 ab
877 1957 950 1991 ipsis
973 1957 1120 1983 submissa

149 2009 192 2034 vel
208 2007 403 2035 submittenda
419 2015 543 2041 persona
559 2005 722 2032 movebitur
739 2006 781 2031 eis
797 2006 928 2031 molestia
940 2005 983 2031 vel
998 2005 1121 2040 calump-

150 2057 195 2083 nia
217 2064 269 2082 seu
296 2056 389 2089 aliqua
411 2055 609 2081 controversia
631 2053 665 2080 de
692 2053 852 2088 premissis.
878 2053 1013 2079 Promisit
1034 2053 1119 2080 etiam

149 2105 222 2131 civis
244 2104 462 2139 prenominatus
478 2102 603 2129 dominis
619 2102 776 2128 camerario
794 2101 907 2127 nomine
924 2101 1031 2128 domini
1048 2110 1120 2136 pape

149 2157 178 2180 et
201 2153 323 2179 ecclesie
347 2152 477 2178 Romane
502 2154 530 2177 et
549 2150 686 2185 episcopo
710 2149 862 2176 Sabinensi
885 2150 1050 2176 memoratis
1069 2159 1120 2185 pro

151 2202 296 2228 universis
311 2204 340 2226 et
358 2200 483 2233 singulis
500 2198 712 2224 Sabinensibus
728 2197 948 2232 recipientibus,
963 2199 1014 2231 jus
1029 2202 1057 2224 et
1072 2206 1122 2225 ac-

151 2250 245 2276 tiones
263 2257 319 2283 que
338 2251 438 2274 contra
454 2247 613 2273 Romanam
631 2246 782 2273 ecclesiam
798 2250 826 2272 et
843 2247 994 2273 universos
1015 2250 1043 2273 et
1058 2248 1120 2274 sin-

152 2297 237 2332 gulos
264 2296 441 2322 Sabinenses
462 2295 614 2321 occasione
637 2294 779 2320 dictorum
807 2294 994 2328 dampnorum
1019 2299 1046 2322 et
1070 2304 1121 2322 ex-

153 2352 306 2380 pensarum
334 2344 477 2370 hactenus
510 2342 626 2374 habuit,
657 2350 688 2368 se
718 2342 787 2368 nulli
822 2342 952 2376 dedisse,
984 2343 1120 2376 donasse,

151 2393 331 2426 vendidisse,
349 2392 477 2419 cessisse
493 2395 521 2418 et
535 2391 736 2423 concessisse,
754 2391 797 2416 vel
812 2391 935 2425 aliquem
952 2391 1018 2418 inde
1035 2393 1122 2419 alicui

152 2445 331 2469 contractum
348 2440 463 2467 fecisse.
481 2439 565 2472 Quod
578 2439 603 2466 si
621 2440 785 2474 apparuerit
800 2447 831 2465 se
846 2443 945 2466 contra
961 2440 1077 2474 fecisse,
1094 2445 1122 2468 et

151 2493 209 2517 tam
225 2490 289 2524 ipsa
306 2489 435 2515 Romana
451 2488 573 2514 ecclesia
588 2495 673 2522 quam
690 2490 717 2513 et
735 2487 861 2513 universi
873 2491 901 2514 et
912 2488 1019 2522 singuli
1036 2489 1120 2515 Sabi—

152 2547 259 2566 nenses
282 2539 310 2564 in
328 2538 452 2572 dampna
471 2537 565 2571 aliqua
581 2535 748 2562 devenerint
769 2539 797 2562 et
819 2545 962 2571 expensas
985 2537 1119 2572 fecerint,

152 2589 215 2623 ipsa
231 2587 353 2621 dampna
369 2587 463 2612 omnia
479 2589 507 2612 et
522 2593 664 2620 expensas
680 2588 737 2610 tam
754 2585 876 2611 ecclesie
890 2585 1019 2612 Romane
1035 2595 1120 2621 quam

151 2640 180 2663 et
195 2635 343 2662 universis
358 2638 386 2661 et
402 2635 527 2668 singulis
543 2632 779 2663 Sabiniensibus,
804 2634 969 2660 nominatus
985 2635 1121 2662 dominus

152 2683 247 2711 Guido
268 2683 386 2718 prefatis
412 2682 537 2708 dominis
561 2681 698 2715 episcopo
722 2684 750 2707 et
773 2683 930 2708 camerario
957 2687 987 2709 ut
1011 2683 1121 2710 dictum

153 2735 198 2759 est
210 2730 419 2766 recipientibus
433 2730 552 2756 reddere
568 2732 596 2755 et
612 2729 764 2755 restituere
781 2730 921 2763 promisit.
944 2730 998 2757 Pro
1014 2732 1121 2766 quibus

153 2779 286 2814 dampnis
302 2783 329 2805 et
345 2778 483 2813 expensis
495 2777 631 2803 omnibus
647 2785 678 2803 se
694 2780 722 2803 et
738 2778 833 2803 omnia
849 2786 901 2804 sua
917 2778 990 2805 bona
1007 2780 1122 2808 mobilia

152 2831 181 2854 et
196 2826 369 2857 immobilia,
391 2825 536 2860 presentia
559 2828 587 2851 et
608 2825 718 2855 futura,
739 2825 902 2852 antedictus
924 2827 997 2853 civis
1013 2828 1121 2856 eisdem

153 2875 278 2902 dominis
301 2874 458 2901 camerario
487 2873 608 2899 ecclesie
630 2872 759 2899 Romane
787 2877 815 2899 et
844 2875 981 2909 episcopo
1007 2877 1123 2903 nomine

155 2923 352 2951 universitatis
368 2926 396 2948 et
408 2921 618 2956 singularitatis
632 2920 805 2946 Sabinorum
821 2921 1027 2955 recipientibus
1045 2933 1124 2960 prop.

153 2976 196 2999 ter
217 2973 271 2998 hoc
292 2971 454 3006 specialiter
471 2970 626 3003 obligavit,
643 2970 826 2995 constituens
849 2978 880 2995 se
903 2971 964 3005 ipsa
981 2971 1053 2998 bona
1070 2981 1123 3000 sua

1233 411 1327 436 omnia
1345 412 1459 436 nomine
1477 411 1604 438 Itoni-ine
1621 414 1741 439 ecclesie
1762 418 1790 439 et
1813 415 2009 440 universitatis
2025 418 2051 440 et
2069 415 2199 449 singula-

1234 459 1326 485 ritatis
1348 460 1518 486 Sabinorum
1542 467 1681 495 qnantum
1705 463 1738 488 ad
1758 464 1810 488 hoc
1832 465 1960 497 precario
1984 464 2142 498 possidere.
2165 464 2200 491 Et

1234 508 1310 533 sicut
1325 508 1416 533 cidem
1434 508 1548 535 domino
1565 512 1719 537 camerario
1738 513 1851 538 nomine
1867 512 1996 538 Romane
2012 513 2135 539 ecclesie
2153 522 2199 539 re-

1233 556 1349 590 cipienti
1375 565 1424 590 pro
1444 556 1528 582 dictis
1555 558 1688 584 omnibus
1710 560 1898 586 observandis
1927 566 2101 587 memoratus
2126 562 2200 588 civis

1233 612 1264 630 se
1279 604 1471 638 principaliter
1487 606 1637 638 obligavit,
1656 607 1697 632 sie
1719 612 1745 632 et
1763 609 1821 640 jam
1839 607 1914 633 (licto
1930 608 2045 634 domino
2061 611 2199 643 episcopo

1235 651 1387 677 Sabinensi
1407 653 1519 678 nomine
1537 653 1646 678 illorum
1663 655 1769 688 quibus
1787 655 1914 681 Romana
1931 657 2052 683 ecclesia
2072 661 2199 683 castrum

1235 699 1310 725 Puzc
1327 700 1507 725 concesserit
1529 705 1556 725 ct
1578 702 1736 728 vendiderit
1752 711 1816 728 cuin
1839 704 1993 737 predictis,
2018 704 2050 730 ad
2073 705 2200 739 predicta

1234 748 1330 774 omnia
1346 751 1374 773 ct
1389 748 1502 781 singula
1520 749 1636 774 tirmiter
1658 750 1834 777 observanda
1851 760 1881 777 se.
1903 760 1968 777 cum
1986 752 2122 786 predictis
2137 762 2200 779 om-

1235 795 1320 821 nibus
1337 796 1418 821 bonis
1440 797 1502 821 suis
1522 797 1684 830 specialiter
1706 798 1850 832 obligavit.
1876 800 1919 825 Ad
1944 802 2080 834 majorem
2104 805 2199 827 autem

1234 843 1362 870 omnium
1376 848 1403 870 et
1420 844 1600 877 singulorum
1618 846 1822 879 premissorum
1839 849 1987 879 cautelam,
2004 850 2087 875 tactis
2104 858 2200 875 sacro-

1235 893 1344 918 sanctis
1361 892 1413 918 Dei
1430 894 1597 926 evangeliis,
1616 894 1688 919 idem
1706 894 1838 921 dominus
1855 895 1948 922 Guido
1962 898 2086 930 juravit,
2104 902 2131 923 ct
2149 906 2199 923 no-

1235 941 1312 967 mine
1335 941 1499 975 principalis
1523 941 1706 975 obligationis
1730 947 1756 969 et
1780 943 1853 969 bone
1876 944 2074 979 fidejussionis
2099 955 2147 980 pro
2169 954 2200 972 se

1235 989 1354 1023 suisque
1374 989 1530 1015 heredibus
1546 993 1572 1015 ct
1590 991 1810 1017 successoribus
1834 1001 1883 1026 per
1899 994 2111 1027 stipulationem
2129 995 2200 1028 legi-

1235 1037 1333 1064 timam
1350 1039 1481 1072 promisit
1505 1040 1611 1072 prefato
1635 1040 1749 1066 domino
1772 1042 1926 1067 camerario
1951 1043 2010 1068 vice
2034 1047 2061 1068 et
2086 1044 2200 1069 nomine

1235 1086 1341 1113 domini
1354 1095 1424 1121 pape
1441 1091 1468 1113 et
1484 1088 1606 1114 ecclesie
1624 1088 1760 1119 Romane,
1779 1094 1806 1115 et
1824 1095 1980 1117 memorato
1997 1091 2111 1117 domino
2123 1092 2201 1126 epis-

1234 1142 1308 1169 copo
1325 1135 1440 1161 nomine
1458 1135 1653 1161 universitatis
1669 1139 1696 1162 et
1712 1137 1918 1170 singularitatis
1934 1140 2061 1164 omnium
2079 1139 2202 1165 Sabino-

1236 1191 1299 1210 rum
1321 1187 1349 1209 et
1372 1183 1483 1210 illorum
1505 1184 1611 1218 quibus
1632 1184 1694 1218 ipsa
1716 1185 1843 1211 Romana
1868 1186 1989 1212 ecclesia
2010 1188 2069 1220 jam
2092 1187 2200 1213 dictum

1236 1235 1363 1258 castrum
1381 1231 1457 1258 Puze
1473 1232 1633 1258 vendiderit
1653 1236 1702 1258 aut
1726 1235 1902 1259 concesserit
1922 1242 1986 1260 cum
2004 1235 2140 1269 predictis
2158 1243 2201 1261 re-

1236 1280 1413 1315 cipientibus
1429 1281 1455 1306 in
1475 1284 1644 1315 perpetuum
1661 1281 1735 1307 hanc
1751 1281 1954 1314 venditionem,
1972 1284 2201 1315 concessionem,

1235 1329 1440 1363 quietationem
1455 1333 1482 1355 et
1498 1330 1591 1356 omnia
1603 1334 1630 1356 et
1646 1330 1761 1364 singula
1776 1331 1902 1365 quelibet
1915 1331 2088 1366 supradicta,
2103 1336 2161 1358 rata
2176 1336 2204 1358 et

1236 1378 1317 1404 firma
1334 1378 1439 1404 habere
1455 1382 1483 1404 et
1499 1383 1598 1404 contra
1615 1387 1669 1404 non
1685 1380 1782 1405 venire
1803 1383 1847 1405 set
1865 1379 2018 1405 observare
2034 1384 2061 1406 et
2077 1380 2203 1414 legitime

1236 1426 1299 1452 suis
1315 1426 1452 1461 expensis
1469 1427 1582 1461 dejure
1598 1427 1751 1453 defendere
1771 1428 1805 1454 ab
1828 1429 1905 1454 omni
1929 1436 2051 1463 persona
2073 1429 2096 1455 si
2120 1429 2205 1455 fuerit

1238 1483 1358 1501 necesse
1374 1475 1428 1501 sub
1452 1484 1523 1509 pena
1546 1475 1634 1510 dupli,
1658 1476 1736 1502 omni
1758 1476 1947 1508 cavillatione,
1971 1477 2069 1503 fraude
2087 1481 2114 1503 et
2132 1478 2203 1503 malo

1237 1524 1353 1558 ingenio
1370 1525 1498 1550 remotis.
1523 1523 1622 1550 Soluta
1640 1533 1707 1550 vero
1728 1533 1814 1559 pena,
1841 1533 1960 1559 presens
1979 1526 2203 1552 instrumentum

1237 1575 1265 1598 et
1290 1572 1384 1598 omnia
1407 1572 1571 1606 supradicta
1594 1575 1733 1607 perpetuo
1756 1572 1959 1599 nichilominus
1983 1573 2063 1599 firma
2089 1582 2201 1608 perma-

1237 1623 1333 1646 neant.
1352 1620 1456 1645 Actum
1478 1619 1596 1646 Viterbii
1614 1620 1640 1646 in
1654 1620 1755 1654 palatio
1771 1620 1879 1646 domini
1897 1620 2032 1655 Raynerii
2049 1621 2202 1648 cardinalis

1237 1669 1265 1694 in
1291 1677 1347 1702 quo
1373 1668 1509 1694 dominus
1532 1677 1603 1702 papa
1628 1672 1769 1698 moratur.
1791 1669 1973 1703 presentibus
1999 1669 2054 1695 hiis
2080 1670 2204 1696 testibus

1237 1716 1271 1743 ad
1287 1717 1342 1743 hoc
1365 1717 1528 1750 specialiter
1552 1717 1674 1751 rogatis,
1699 1717 1791 1743 silicet
1814 1728 1818 1742 2
1841 1718 1979 1752 magistro
2003 1717 2203 1745 Bartholomeo

1237 1765 1345 1792 domini
1363 1774 1433 1799 pape
1450 1765 1559 1791 notario
1576 1769 1658 1797 teste,
1677 1766 1815 1800 magistro
1837 1765 1964 1792 Roffrido
1986 1766 2021 1792 de
2038 1766 2204 1793 Benevento

1234 1815 1311 1849 juris
1327 1814 1419 1840 civilis
1437 1814 1600 1848 professore
1624 1818 1709 1844 teste,
1732 1814 1847 1840 domino
1871 1814 2027 1841 Benedicto
2045 1815 2204 1849 presbitero

1237 1862 1346 1889 domini
1376 1870 1448 1896 pape
1472 1862 1617 1896 capellano
1652 1865 1724 1888 teste
1737 1883 1743 1892 ,
1774 1862 1912 1896 magistro
1937 1862 2022 1889 Petro
2052 1863 2087 1889 de
2112 1863 2204 1890 Ponte

1237 1910 1332 1937 Curvo
1349 1910 1457 1937 domini
1475 1919 1545 1944 pape
1562 1911 1707 1945 capellano
1729 1914 1818 1944 teste,
1835 1912 1974 1945 magistro
1994 1911 2133 1938 Palmerio
2154 1912 2205 1938 do-

1238 1960 1306 1985 mini
1332 1968 1403 1994 pape
1423 1959 1564 1993 scriptore
1585 1963 1613 1985 et
1635 1960 1699 1993 ejus
1719 1967 1832 1985 camere
1853 1960 1956 1985 clerico
1977 1964 2066 1993 teste,
2089 1960 2205 1987 domino

1237 2008 1370 2035 Guidone
1385 2007 1526 2034 Johannis
1542 2007 1638 2042 Cyrini
1655 2008 1689 2033 de
1701 2007 1780 2034 Urbe
1795 2011 1878 2039 teste,
1897 2007 2021 2035 Hem-ico
2038 2009 2141 2035 clerico
2156 2017 2205 2036 ec—

1237 2057 1325 2083 clesie
1349 2060 1448 2083 sancte
1482 2056 1568 2082 Marie
1593 2056 1801 2082 Transtiberim
1830 2060 1921 2088 teste,
1950 2056 2034 2083 Petro
2065 2057 2206 2092 Raynaldi

1238 2105 1398 2135 scriniario,
1421 2104 1625 2137 Quintavallis,
1646 2104 1771 2131 Berardo
1793 2105 1956 2139 Angelerii,
1974 2105 2119 2140 Raynerio
2140 2106 2206 2133 Mu-

1239 2154 1325 2186 naldi,
1343 2153 1427 2180 Petro
1443 2153 1591 2188 Mingarde
1607 2157 1634 2180 et
1651 2153 1792 2180 Salvatico
1809 2154 1843 2180 de
1859 2154 1975 2181 Sabinia
1992 2155 2126 2182 testibus.

1273 2202 1334 2237 Ego
1351 2202 1518 2237 Raynaldus
1541 2202 1595 2228 Dei
1621 2202 1727 2236 [gratia]
1754 2203 1829 2228 sacri
1852 2202 1975 2229 Romani
1997 2204 2109 2237 imperii
2132 2203 2206 2230 scri-

1238 2251 1358 2283 niarius,
1374 2251 1483 2277 habens
1497 2254 1666 2285 potestatem
1678 2250 1762 2277 dandi
1774 2254 1909 2283 tutorem,
1923 2254 2095 2285 curatorem,
2107 2260 2206 2278 eman-

1238 2299 1361 2334 cipandi,
1378 2299 1525 2325 decretum
1542 2298 1752 2333 interponendi,
1765 2299 1898 2325 alimenta
1913 2299 2094 2331 decernendi,
2113 2304 2140 2325 et
2153 2308 2206 2334 pu-

1240 2348 1408 2374 blicationes
1431 2348 1548 2373 testium
1564 2347 1696 2378 faciendi,
1715 2347 1780 2382 quia
1798 2347 1854 2373 hiis
1874 2347 1989 2373 interfui
2010 2348 2205 2381 supradictis,

1239 2395 1274 2422 de
1289 2403 1433 2422 consensu
1450 2395 1573 2429 partium
1590 2395 1644 2421 hoc
1659 2394 1883 2421 instrumentum
1899 2395 2002 2429 scripsi
2019 2398 2047 2421 et
2062 2395 2206 2430 complevi

1238 2447 1367 2478 rogatus.
1696 2434 1699 2436 ’

1274 2490 1309 2518 Et
1325 2499 1379 2525 ego
1394 2491 1512 2517 Landus
1529 2491 1666 2526 imperiali
1683 2492 1854 2518 auctoritate
1867 2491 2047 2522 scriniarius,
2063 2492 2128 2526 quia
2142 2500 2206 2527 pre-

1239 2539 1462 2570 dictisinterfui,
1480 2539 1543 2565 ideo
1560 2548 1605 2566 me
1621 2539 1792 2574 subscripsi.

1208 2678 1366 2713 [CCXCIll.
1389 2694 1420 2698 —
1442 2678 1484 2704 Da
1501 2686 1611 2708 omnm
1629 2687 1706 2705 sitm
1726 2687 1752 2705 ix
1771 2687 1933 2706 Tsuniromo
1951 2678 2077 2706 Rsmso
2095 2688 2204 2712 POSlTA,

1239 2735 1343 2755 nocua
1362 2736 1396 2753 An
1415 2735 1453 2753 xx
1473 2735 1559 2754 anuos
1571 2730 1590 2753 ¹.

1275 2821 1338 2848 Hoc
1353 2825 1397 2847 est
1412 2821 1575 2856 exemplum
1592 2821 1742 2855 quusdam
1760 2822 1942 2848 instrumenti
1959 2823 2001 2849 sic
2017 2823 2181 2857 incipientis
2200 2835 2204 2849 z

1243 2976 1267 3001 1.
1286 2975 1545 3002 14aout1198i—
1567 2974 1718 3007 Muratori‚
1737 2977 1812 3005 Ant..
1834 2980 1853 3001 t.
1872 2975 1896 3006 l,
1916 2985 1943 3010 p.
1959 2976 2020 3002 441.
2039 2992 2070 2996 —
2088 2977 2126 3003 Le
2142 2985 2207 3003 car-
