2392 3571
662 353 713 383 LE
736 353 882 383 LIBER
903 352 1136 383 CENSUUM
1162 352 1216 381 DE
1239 341 1426 381 L'E'2GLISE
1448 351 1659 383 ROMAINE.
2151 351 2212 382 497

153 425 242 450 extra
262 420 452 449 munitiones
474 420 680 458 predictorum
701 424 871 448 castrorum
891 419 991 456 posita
1013 423 1039 446 et
1054 418 1124 447 red·
1205 416 1395 447 CCXXXV.
1414 433 1451 438 —
1467 416 1615 447 CARTULA
1630 426 1831 448 veum‘rloms
1843 418 1984 448 Onnoms
1995 418 2154 448 JOHANNIS
2170 427 2210 448 ΒΤ

153 472 238 502 ditus
252 473 455 502 vassallorum
470 481 597 501 suorum
614 480 687 509 quos
703 476 728 500 et
744 480 800 509 que
815 472 909 508 hujus
924 471 1125 500 alienationis

155 530 285 563 tempore
300 526 335 554 in
351 526 461 554 castris
476 525 648 554 habuerant
671 525 848 553 memoratis
863 524 900 552 ab
921 525 984 561 ipso
1000 523 1125 552 domino

152 586 234 616 papa
249 583 276 607 et
296 579 433 607 Romana
448 578 569 606 ecclesia
592 577 626 605 dc
645 581 740 606 cetero
758 577 790 605 in
809 576 937 611 feudum
950 575 1125 613 possideant

154 635 181 660 et
197 630 304 660 eminde
322 631 419 668 ipsius
439 630 559 658 domini
578 638 653 666 pape
673 634 698 657 et
718 629 850 657 Romane
864 629 982 657 ecclesie
997 628 1125 656 vassalli

154 684 217 713 sint
231 688 372 721 perpetuo
388 687 414 711 et
429 682 544 719 fideles,
567 686 593 710 et
609 682 651 710 eis
662 685 786 718 propter
801 681 855 710 hoc
868 685 1001 718 prestent
1016 681 1125 709 homa-

153 736 239 773 gium
264 735 434 773 personale.
458 734 517 762 Pro
541 734 597 762 hac
618 738 719 762 autem
740 733 915 761 vvenditione
934 742 985 762 seu
1004 733 1125 761 aliena-

156 789 235 816 tione
253 791 278 815 et
298 786 464 815 traditione
486 785 629 822 confiteor
650 794 696 813 me
717 786 860 822 recepisse
881 790 907 813 et
927 785 1066 814 habuisse
1085 785 1125 814 ad

154 848 229 877 opus
252 844 279 867 et
308 847 419 868 nomen
445 838 597 867 dictorum
623 837 762 874 filiorum
788 846 927 866 meorum
956 847 974 866 a
1003 838 1126 866 domino

154 892 311 922 Benedicta
326 891 446 920 domini
464 899 540 928 pape
557 891 728 920 camerario
749 891 872 919 nomine
889 891 987 928 ipsius
1007 891 1127 919 domini

153 954 229 983 pape
253 949 278 973 et
301 945 433 973 Romane
454 944 571 972 ecclesie
587 943 775 980 persolvente
791 944 905 980 viyinti
926 944 1020 972 libras
1036 944 1126 972 bono-

155 1006 226 1027 rum
252 997 502 1035 proveniensium
529 1001 669 1031 senatus,
695 996 730 1025 de
755 997 866 1033 quibus
889 997 959 1025 bene
985 1005 1032 1024 me
1058 1005 1127 1025 voco

155 1052 300 1088 quietam,
329 1050 453 1079 nomine
473 1049 679 1087 predictorum
696 1050 864 1086 acceptioni
882 1057 941 1078 non
969 1054 1127 1078 numerate

156 1104 203 1133 vel
223 1112 280 1132 non
302 1103 398 1131 solute
416 1103 544 1140 pecunie
563 1101 784 1130 renuntiando.
806 1102 841 1130 Et
857 1103 884 1130 si
896 1102 1033 1139 predicta
1051 1102 1126 1130 bona

154 1156 226 1194 plus
242 1155 354 1191 valent,
369 1164 387 1184 a
398 1155 532 1192 presenti
545 1155 669 1183 nomine
679 1154 887 1192 predictorum
903 1154 1039 1191 filiorum
1051 1163 1128 1183 meo-

157 1218 231 1239 rum
251 1210 328 1238 dono
344 1213 434 1246 atque
452 1208 578 1238 concedo
596 1208 691 1237 eidem
716 1208 840 1237 domino
858 1217 936 1246 pape
951 1213 978 1237 et
995 1209 1127 1238 Romane

156 1263 275 1292 ecclesie
296 1263 330 1291 in
354 1267 546 1299 perpetuum.
575 1262 633 1290 Pro
657 1262 767 1298 quibus
789 1262 931 1290 omnibus
950 1261 1084 1299 firmiter
1101 1267 1127 1291 et

156 1315 287 1352 fideliter
309 1315 504 1343 observandis
527 1315 632 1343 omnia
657 1315 734 1343 bona
755 1315 962 1351 predictorum
987 1315 1127 1351 filiorum

157 1376 293 1396 meorum
318 1368 443 1396 mobilia
459 1372 486 1396 et
505 1367 688 1403 immobilia,
705 1368 859 1404 presentia
880 1372 906 1396 et
921 1369 1042 1404 futura,
1070 1369 1129 1406 ipsi

157 1420 282 1449 domino
300 1429 377 1457 pape
397 1425 423 1448 et
445 1421 576 1448 Romane
596 1420 714 1448 ecclesie
733 1420 830 1457 obligyo
852 1425 878 1449 et
895 1421 994 1449 eadem
1012 1421 1049 1450 ab
1064 1422 1128 1458 ipso

157 1473 281 1502 domino
294 1482 374 1510 papa
387 1477 414 1501 et
427 1473 646 1501 successoribus
661 1473 727 1501 suis
739 1473 880 1510 precario
897 1474 1020 1502 nomine
1035 1474 1129 1503 dictos

157 1526 238 1563 filios
258 1535 337 1555 meos
352 1527 503 1555 constituo
523 1526 683 1563 possidere.
703 1526 917 1555 Renuntiando
934 1528 967 1555 in
985 1527 1047 1555 hiis
1062 1536 1128 1556 om-

157 1581 249 1609 nibus
279 1580 402 1608 nomine
429 1579 578 1608 dictorum
606 1580 763 1608 minorum
789 1580 875 1608 omni
893 1580 982 1617 juris
1007 1581 1129 1609 auxilio

159 1633 300 1662 canonici
323 1637 349 1661 et
373 1633 490 1667 civilis,
510 1632 726 1660 consuetudini
741 1637 767 1660 et
782 1636 910 1667 statuto,
930 1637 955 1661 et
973 1633 1059 1661 omni
1077 1642 1128 1662 ac-

160 1686 239 1714 tioni
260 1685 430 1722 acceptioni
450 1689 476 1713 et
503 1685 546 1713 rei
571 1693 627 1721 que
643 1689 763 1721 possent
787 1685 864 1714 obici
883 1690 989 1714 contra
1007 1686 1128 1714 instru-

159 1742 297 1767 mentum
317 1738 363 1766 vel
386 1739 519 1773 factum,
538 1742 564 1766 et
581 1737 661 1774 quod
679 1738 756 1766 dicti
777 1737 839 1774 filii
860 1739 919 1766 mei
932 1739 1053 1767 ratione
1068 1740 1129 1767 mi-

159 1792 246 1820 noris
262 1791 350 1819 etatis
365 1791 567 1828 exceptionem
585 1791 725 1828 aliquam
742 1791 776 1819 de
789 1795 882 1819 cetero
896 1799 956 1819 non
969 1797 1128 1828 opponent.

158 1844 244 1873 Hanc
257 1848 359 1872 autem
373 1843 577 1872 venditionem
593 1852 643 1872 seu.
656 1844 872 1872 alienationem
890 1849 916 1872 et
933 1844 1128 1873 traditionem

159 1901 186 1926 et
201 1897 306 1925 omnia
323 1896 500 1933 supradicta
517 1897 638 1924 nomine
655 1896 805 1925 dictorum
824 1897 981 1925 minorum
1000 1902 1027 1926 et
1043 1897 1130 1926 here-

160 1950 233 1979 dum
257 1955 284 1978 et
305 1958 509 1978 successorum¹
533 1958 659 1978 suorum
682 1950 830 1987 promitto
845 1950 1027 1986 juramento
1046 1959 1065 1979 a
1084 1959 1130 1979 me

159 2003 360 2040 corporaliter
378 2003 506 2040 prestito
522 2007 666 2040 perpetuo
690 2003 912 2031 inviolabiliter
930 2003 1087 2032 observare
1105 2008 1131 2032 et

159 2063 223 2084 non
242 2059 347 2083 contra
372 2055 489 2090 venire,
508 2054 557 2083 sed
577 2056 604 2083 si
625 2064 699 2092 opus
714 2060 740 2083 et
758 2064 868 2083 necesse
883 2056 979 2090 fuerit
997 2055 1131 2093 legitime

160 2108 317 2144 defendere
341 2108 377 2136 ab
403 2108 489 2136 omni
512 2116 655 2144 persona.
683 2107 766 2142 Quod
791 2108 817 2136 si
844 2117 862 2136 a
887 2108 1034 2145 predictis
1054 2108 1132 2144 filiis

160 2160 235 2189 meis
255 2160 393 2197 predicta
419 2160 525 2188 omnia
547 2169 606 2188 non
627 2160 746 2195 fuerint
764 2161 918 2189 observata
938 2161 985 2189 vel
1001 2161 1131 2197 quolibet

160 2213 247 2242 modo
256 2213 396 2242 venerint
408 2218 512 2241 contra
519 2214 682 2250 premissa,
690 2214 836 2250 promitto
847 2214 968 2242 nomine
978 2213 1131 2242 dictorum

159 2266 300 2303 filiorum
324 2275 461 2295 meorum
478 2266 649 2303 predictam
664 2267 826 2303 pecuniam
846 2267 968 2295 nomine
979 2275 1055 2304 pene
1072 2267 1132 2296 du-

157 2320 246 2358 plam>
261 2320 357 2348 eidem
373 2319 498 2348 domino
510 2328 586 2357 pape
602 2324 628 2348 et
643 2320 774 2348 Romane
789 2320 906 2348 ecclesie
922 2319 1037 2356 inteyre
1053 2320 1131 2348 solu-

163 2377 280 2409 turam,
292 2377 319 2401 et
330 2381 410 2410 pena
423 2373 522 2401 soluta
536 2372 630 2409 hujus
645 2372 834 2401 venditionis
843 2376 1017 2401 contractus
1029 2372 1064 2401 in
1074 2380 1131 2401 sua

162 2425 388 2455 nichilominus
402 2425 551 2461 firmitate
566 2429 756 2462 permaneat.

201 2486 312 2514 Actum
325 2485 516 2522 presentibus
535 2485 658 2513 testibus
682 2484 722 2513 ad
743 2484 795 2513 hoc
810 2485 982 2522 specialiter
1005 2485 1129 2522 rogatis,

164 2539 280 2568 scilicet
297 2549 306 2566 :

204 2598 327 2626 domino
343 2597 483 2626 Johanne
498 2597 532 2625 de
550 2596 735 2632 Gaviniano,
754 2601 842 2633 teste;

204 2657 328 2686 domino
343 2656 481 2685 Johanne
497 2656 531 2685 de
549 2656 733 2691 Gaviniano‚
753 2661 821 2685 teste
830 2667 841 2692 ;

203 2716 326 2745 domino
343 2716 449 2745 Jacobo
465 2715 499 2744 de
516 2715 686 2751 Guillelmo,
708 2720 776 2745 teste
783 2727 794 2752 ‚-

207 2777 367 2806 Thomasio
383 2777 417 2805 de
434 2777 568 2811 Pusano,
586 2781 676 2812 teste;

204 2837 238 2865 P.
253 2837 358 2874 priore
375 2836 483 2865 Sancti
499 2837 671 2871 Pancratii,
691 2841 778 2871 teste;

206 2901 232 2925 et
248 2896 406 2933 Raynaldo
422 2896 456 2924 de
472 2896 571 2931 Petro,
590 2900 670 2925 teste.

1246 470 1352 499 Mnuss
1369 478 1518 500 emonem
1537 469 1734 508 [Noccussnu]
1750 473 1772 499 ¹.

1285 574 1322 602 In
1338 575 1461 602 nomine
1476 575 1607 609 Domini,
1627 584 1727 603 amen.
1746 577 1833 604 Anno
1852 577 2078 604 incarnationis
2095 576 2210 605 Christi

1244 627 1409 656 millesimo
1424 626 1627 655 ducentesimo
1644 628 1796 656 tricesimo
1813 629 1900 656 tertio
1911 633 1936 656 et
1949 628 2146 665 pontificatus
2156 628 2210 657 do-

1244 679 1327 707 mini
1350 679 1488 715 Greqorii
1508 687 1583 716 pape
1610 681 1685 707 noni
1708 688 1790 708 anno
1813 685 1904 714 sexto,
1935 689 2031 709 mense
2056 681 2209 715 februarii

1245 731 1293 760 die
1311 731 1406 766 XXVI,
1428 731 1593 759 indictione
1609 737 1703 759 sexta.
1725 732 1783 768 Eyo
1800 733 1952 761 Johannes
1969 733 2003 760 de
2024 734 2140 761 Jlurolo
2156 742 2211 761 cu-

1248 789 1332 813 rator
1343 783 1462 819 Odonis,
1478 784 1629 812 „Iohannis
1641 789 1667 812 et
1678 785 1772 812 Μανία
1784 785 1920 820 filiorum
1938 786 2104 820 Noccherii,
2120 786 2210 814 datus

1246 838 1288 866 eis
1306 838 1340 865 in
1355 837 1410 865 hac
1426 845 1458 864 re
1479 845 1496 864 a
1519 837 1656 864 Iohanne
1676 837 1779 865 Leonis
1788 837 1893 873 judice
1916 838 2040 866 l’aliani
2063 843 2088 866 et
2111 839 2208 875 ipsius

1247 890 1362 919 decreto
1373 895 1399 918 et
1411 891 1603 924 auctoritate,
1616 890 1694 918 sicut
1706 899 1741 917 ear
1753 895 1837 918 carta
1847 891 2045 927 dictijndicis
2058 891 2213 919 evidenter

1247 948 1386 981 apparet,
1415 943 1470 971 hac
1495 942 1542 970 die
1566 943 1699 978 presenti
1727 943 1848 971 nomine
1875 943 2026 971 dictorum
2054 944 2209 971 minorum

1246 996 1372 1033 propria
1393 1000 1419 1023 et
1440 999 1605 1031 spontanea
1631 995 1783 1023 voluntate
1811 995 1901 1023 vendo
1923 1000 1949 1022 et
1973 995 2213 1023 irrevocabiliter

1249 1048 1336 1077 trado
1354 1048 1407 1075 tibi
1426 1047 1571 1083 rnayistro
1592 1047 1721 1082 Roffrido
1739 1047 1837 1075 L'berti
1854 1048 2069 1084 procuratorio
2090 1048 2213 1076 nomine

1245 1110 1302 1139 pro
1317 1101 1440 1128 domino
1454 1108 1533 1136 papa
1549 1104 1574 1127 et
1591 1100 1807 1127 successim-imis
1822 1101 1886 1127 suis
1903 1100 2063 1136 recipienti
2084 1100 2122 1128 ad
2139 1108 2212 1136 opus

1248 1158 1274 1182 et
1292 1154 1456 1182 utilitatem
1475 1153 1605 1181 Romane
1623 1153 1738 1180 ecclesie
1759 1153 1788 1179 in
1806 1157 1993 1188 perpetuum,
2016 1152 2151 1180 videlicet
2168 1157 2213 1180 to-

1250 1211 1310 1235 tam
1328 1211 1354 1235 et
1370 1206 1520 1242 inte97·am
1537 1209 1654 1242 partem
1675 1213 1777 1232 eorum
1798 1214 1876 1233 rocee
1892 1210 1917 1232 et
1936 1205 2029 1233 castri
2046 1205 2171 1233 l’aliani
2189 1210 2214 1232 et

1248 1268 1330 1287 rocce
1345 1267 1380 1287 ac
1399 1259 1492 1287 castri
1507 1257 1657 1292 Serronis,
1675 1265 1742 1285 cum
1762 1257 1900 1285 domibus
1916 1262 1941 1284 et
1963 1257 2111 1285 casalinis
2130 1257 2213 1291 infra

1249 1311 1363 1340 easdem
1383 1315 1479 1339 terras
1491 1310 1716 1347 pertinentibus
1735 1310 1774 1338 ad
1793 1309 1904 1338 eosdem
1923 1314 1949 1337 et
1965 1318 2032 1337 cum
2050 1310 2217 1345 omnijure

1243 1364 1475 1401 jurisdictione,
1493 1363 1641 1393 dominio,
1659 1363 1772 1391 honore
1787 1367 1813 1390 et
1825 1363 1943 1391 actione
1959 1367 1984 1390 et
2001 1366 2060 1389 tam
2079 1363 2110 1389 in
2126 1362 2215 1390 terris

1249 1426 1341 1455 quam
1363 1417 1395 1445 in
1413 1417 1518 1451 vineis,
1540 1416 1640 1447 silvis,
1654 1417 1765 1452 pratis,
1785 1416 1948 1448 montibus,
1966 1415 2099 1449 collibus,
2115 1415 2215 1451 plani-

1251 1471 1313 1501 tiis,
1331 1471 1469 1507 pascuis,
1487 1470 1576 1506 aquis
1590 1474 1615 1497 et
1635 1469 1876 1497 comunitatibus
1894 1468 2062 1501 universis,
2079 1468 2159 1495 sicut
2175 1467 2217 1495 eis

1249 1528 1275 1552 et
1291 1523 1450 1551 heredibus
1465 1530 1567 1549 eorum
1588 1525 1760 1557 competunt
1779 1529 1834 1557 pio
1848 1520 1948 1549 diviso
1971 1521 2014 1548 vel
2032 1520 2166 1548 indiviso
2182 1520 2214 1547 in

1247 1575 1392 1613 predictis
1411 1575 1521 1603 castris
1544 1574 1628 1602 intus
1650 1578 1675 1601 et
1700 1578 1784 1601 extra
1808 1578 1834 1601 e!
1853 1582 1906 1610 per
1929 1577 2021 1601 totum
2043 1572 2215 1600 eorumdem

1250 1633 1418 1657 castrorum
1446 1627 1636 1655 territorium
1663 1631 1688 1654 et
1708 1626 1902 1660 aisn-ictum
1923 1630 1948 1654 et
1971 1625 2118 1662 quicquid
2142 1625 2218 1653 dicti

1250 1672 1383 1709 minores
1407 1681 1453 1708 vel
1476 1680 1539 1708 alia
1564 1688 1691 1716 persona
1715 1687 1770 1715 pro
1793 1679 1836 1706 eis
1859 1678 1894 1706 de
1913 1678 2058 1715 predictis
2077 1678 2217 1706 omnibus

1250 1734 1412 1771 possident,
1432 1738 1526 1761 totum
1543 1741 1559 1760 a
1574 1731 1707 1768 presenti
1723 1739 1769 1759 eos
1783 1731 1932 1759 constituo
1948 1731 2071 1758 nomine
2088 1731 2218 1758 Romane

1251 1787 1368 1815 ecclesie
1384 1785 1547 1823 possidere:
1572 1789 1598 1812 et
1623 1784 1745 1811 nomine
1761 1783 1967 1820 predictorum
1991 1782 2026 1810 do
2045 1787 2070 1810 et
2092 1782 2218 1810 concedo

1252 1841 1310 1877 ipsi
1325 1839 1448 1868 domino
1462 1846 1537 1874 pape
1553 1842 1578 1865 et
1594 1836 1810 1865 successoribus
1824 1836 1889 1863 suis
1902 1836 2026 1863 liberam
2042 1839 2214 1872 potestatem

1253 1891 1395 1921 intrandi
1414 1896 1440 1919 et
1455 1889 1627 1926 accipiendi
1642 1897 1732 1926 perse
1746 1889 2029 1924 velprocuratorem
2045 1896 2135 1915 suum
2147 1896 2218 1916 auc-

1252 1945 1372 1973 toritate
1394 1944 1522 1981 propria
1542 1942 1754 1979 possessionem
1778 1941 1917 1969 omnium
1943 1940 2160 1977 predictorum,
2192 1944 2219 1968 et

1252 1997 1390 2031 habendi,
1411 1996 1531 2024 tenendi
1545 1994 1719 2032 possidendi
1735 1993 1774 2021 ad
1784 2002 1858 2030 opus
1868 1998 1894 2021 et
1906 1993 2070 2021 utilitatem
2090 1993 2220 2021 Romane

1251 2051 1369 2079 ecclesie
1388 2051 1420 2078 in
1433 2053 1613 2086 perpetuum
1628 2047 1734 2076 omnia
1748 2046 1938 2083 supradicta,
1953 2046 2037 2074 salvo
2051 2054 2105 2082 per
2115 2045 2220 2073 omnia

1252 2104 1343 2132 dictis
1362 2102 1532 2131 minoribus
1546 2106 1572 2129 et
1588 2108 1690 2128 eorum
1712 2098 1871 2127 heredibus
1880 2102 2034 2136 perpetuo,
2050 2097 2129 2134 qnod
2147 2098 2220 2126 uni-

1252 2164 1355 2184 versas
1368 2154 1565 2192 possessiones
1581 2157 1606 2181 et
1617 2153 1691 2181 bona
1707 2159 1808 2179 eorum
1827 2151 1999 2179 immobilia
2013 2155 2097 2178 extra
2114 2150 2221 2178 muni-

1254 2209 1349 2237 tiones
1360 2207 1567 2245 predictorum
1585 2210 1755 2234 castrorum
1768 2205 1868 2242 posita
1883 2209 1909 2232 et
1926 2203 2062 2232 redditus
2079 2202 2221 2231 vassallo-

1255 2270 1322 2290 rum
1343 2269 1469 2289 suorum
1493 2268 1566 2296 quos
1583 2263 1610 2287 et
1629 2267 1685 2295 que
1710 2258 1802 2294 hujus
1821 2256 2020 2285 alienationis
2038 2260 2166 2292 tempore
2185 2254 2221 2282 in

1252 2314 1361 2343 castris
1379 2313 1549 2341 habuerant
1566 2310 1754 2348 supradietis
1773 2319 1790 2338 a
1809 2309 1932 2338 domino
1944 2317 2025 2345 papa
2041 2312 2067 2336 et
2085 2308 2219 2336 Romana

1253 2367 1376 2396 ecclesia
1387 2366 1420 2394 de
1431 2370 1525 2394 cetero
1540 2365 1575 2392 in
1590 2363 1715 2399 feudum
1726 2362 1899 2399 possideant
1915 2365 1940 2389 et
1955 2360 2086 2396 ejusdem
2101 2359 2222 2387 domini

1250 2429 1326 2458 pape
1349 2424 1375 2448 et
1396 2426 1601 2448 successorum
1618 2424 1747 2445 suorum
1765 2423 1799 2443 ac
1815 2415 1946 2443 Romane
1961 2413 2079 2441 ecclesie
2097 2411 2222 2440 vassalli

1252 2473 1316 2502 sint
1331 2476 1475 2509 perpetuo
1490 2475 1517 2499 et
1533 2469 1634 2507 fideles
1649 2473 1675 2497 et
1694 2469 1735 2497 eis
1748 2472 1872 2505 propter
1887 2467 1942 2495 hoc
1955 2465 2222 2503 specialiterpres-

1255 2529 1316 2554 tent
1333 2524 1514 2560 homagium
1533 2522 1702 2560 personale.
1723 2520 1782 2549 Pro
1801 2520 1858 2548 hac
1877 2523 1979 2547 autem
2004 2517 2176 2546 venditione
2196 2521 2222 2544 et

1255 2577 1421 2607 traditione
1436 2575 1578 2612 confiteor
1592 2582 1638 2602 me
1654 2573 1693 2602 ad
1708 2581 1781 2610 opus
1795 2577 1822 2600 et
1836 2571 2002 2600 utilitatem
2019 2571 2155 2607 ipsorum
2172 2577 2222 2597 re·-

1254 2631 1363 2668 cepisse
1375 2634 1401 2658 et
1417 2628 1555 2657 habuisse
1568 2636 1585 2655 a
1604 2626 1728 2655 domino
1741 2624 1897 2654 Benedicta
1908 2623 2027 2651 domini
2035 2630 2112 2660 pape
2122 2630 2222 2650 came-

1254 2685 1340 2713 rario
1358 2683 1480 2712 nomine
1497 2681 1593 2718 ipsius
1610 2684 1636 2708 et
1650 2680 1781 2708 Romane
1796 2677 1914 2706 ecclesie
1926 2676 2114 2713 persolvente

1254 2861 1279 2887 1.
1296 2860 1329 2887 26
1344 2859 1449 2886 sevrier
1466 2857 1543 2884 1233.
1566 2871 1599 2875 —
1624 2855 1715 2881 Meme
1735 2854 1850 2880 cession
1868 2853 1902 2878 de
1920 2854 1944 2878 la
1962 2856 2024 2887 part
2044 2852 2078 2878 dc
2099 2851 2172 2878 Jean
2187 2851 2223 2877 de

1218 2909 1341 2941 Murolo‚
1361 2910 1495 2934 cun-atem·
1517 2905 1566 2931 des
1589 2904 1718 2930 mineurs
1737 2902 1830 2933 Odon,
1853 2900 1926 2927 Jean
1948 2905 1976 2926 et
1999 2899 2103 2930 Mau-ne,
2126 2900 2172 2926 fiis
2188 2899 2223 2925 de

1219 2957 1374 2985 Nocherio.
1392 2955 1430 2981 La
1450 2961 1560 2981 somme
1577 2952 1621 2978 n'a
1637 2960 1688 2986 pas
1705 2952 1750 2977 ρῑἐ
1771 2950 1935 2976 transcrite.
1953 2962 1989 2969 —
2007 2948 2046 2974 Le
2068 2956 2133 2974 non]
2153 2948 2225 2974 Noe-

1220 3007 1317 3039 cherii,
1334 3005 1406 3031 dans
1421 3004 1446 3030 le
1459 3003 1535 3033 titre,
1551 3005 1597 3028 est
1611 3001 1646 3027 de
1661 2999 1786 3026 seconde
1801 2999 1888 3024 mala.

205 2956 241 2985 Et
257 2964 307 2993 eqo
321 2955 490 2985 Riccardus
505 2956 679 2993 imperialis
693 2956 763 2985 aule
777 2956 966 2985 scriniarius
980 2956 1058 2985 hanc
1073 2964 1138 2984 car-

168 3013 231 3038 tam
245 3009 409 3045 utriusque
421 3008 522 3046 partis
537 3016 684 3038 consensu
699 3009 846 3046 complevi
862 3013 996 3046 rogatus.

270 3073 356 3100 Lmssn
375 3072 518 3100 Cssusuuu.
540 3087 575 3093 —
593 3073 617 3100 Ι.
2050 3058 2084 3084 63
