2392 3571
636 344 686 373 LE
709 343 854 373 LIBER
876 342 1109 374 CENSUUM
1133 343 1187 372 DE
1210 333 1396 373 L'EGLISE
1419 342 1627 373 ROMAINE.
2116 346 2176 378 575

95 409 298 445 [cccxvuu.
315 425 346 429 —
363 409 405 436 De
422 418 521 437 nonsit.
538 425 572 431 —
593 410 685 437 Junnx
702 419 734 437 ετ
749 418 882 437 ιυοιοιεεΛ
900 410 1092 437 GALLtJm-:NSis

127 468 160 486 εἰ·
173 459 332 487 ΤυηῐιιτΑΝΑ
348 468 487 487 sonituum*
503 469 587 487 suni:
602 469 738 487 >mannis
755 468 848 487 oomni
864 468 931 486 pars
944 464 962 485 ¹.

161 557 180 590 †
201 556 232 583 In
250 557 364 584 nomine
382 556 492 584 domini
513 557 601 583 nostri
617 557 688 583 Jesu
707 556 824 583 Christi.
850 556 911 583 Hoc
932 560 976 583 est
994 565 1092 583 exem—

127 605 204 639 plum
222 605 374 639 cujusdam
391 606 497 638 publici
514 606 698 632 instrumenti
715 605 802 640 hujus
817 607 926 632 tenoris
943 616 949 632 z

162 653 194 680 In
211 655 327 680 nomine
346 653 474 682 Domini.
498 654 604 681 Amen.
626 655 711 681 Anno
728 654 842 681 Domini
864 653 1092 685 MCCXXXVI,

128 702 283 729 indictione
298 702 342 733 X,
356 706 484 737 tempore
499 703 607 729 domini
623 703 755 737 Gregorii
773 703 857 730 VIIII
875 712 945 738 pape
961 711 1035 729 anno
1052 702 1092 736 X,

126 751 210 777 tertia
232 750 278 777 die
297 754 421 777 exeunte
442 759 542 777 mense
566 751 674 783 martii,
696 751 724 778 in
745 752 889 786 presentia
910 751 1091 778 dominorum

127 799 331 825 Gisarcliensis
353 802 382 825 et
406 798 605 833 Empuriensis
630 801 850 835 episcoporum,
880 801 935 826 mei
961 800 1094 833 Gregorii

126 851 311 874 sacrosancte
337 848 467 875 Romane
492 848 615 875 ecclesie
640 849 781 875 scriniarii
808 853 836 875 et
860 849 1092 883 subscriptorum

126 896 256 929 testium,
268 897 404 924 dominus
419 897 570 924 Hubaldus
583 898 671 932 judex
686 898 865 925 Gallurensis
879 902 907 924 et
921 898 1093 924 Tui-ritanus

125 949 154 972 et
169 945 283 972 domina
298 946 434 973 Adelasia
449 948 514 981 ejus
531 955 602 973 uxor
619 947 761 981 judicissa
781 947 932 973 Turritana
950 951 978 973 et
993 946 1092 973 Gallu-

127 994 232 1026 rensis,
246 995 330 1021 tactis
345 996 540 1022 sacrosanctis
555 996 713 1029 evangeliis
725 997 898 1030 juraverunt
908 996 971 1021 sine
982 995 1091 1027 fraude,

125 1042 189 1069 dolo
209 1052 242 1070 ac
265 1044 337 1070 malo
356 1044 472 1079 iugenio
497 1048 583 1075 stare,
608 1053 706 1079 parere
723 1048 751 1070 et
771 1045 798 1070 in
820 1044 954 1070 omnibus
977 1043 1092 1070 obedire

124 1093 312 1126 generaliter,
345 1093 456 1127 precise
480 1096 508 1119 et.
535 1093 600 1119 sine
630 1093 801 1119 condicione
825 1093 920 1127 aliqua
950 1092 1093 1127 preceptis

125 1140 233 1167 domini
254 1150 324 1176 pape
340 1150 395 1176 que
410 1146 438 1168 et
454 1145 523 1176 quot
539 1141 674 1168 dominus
690 1150 762 1176 papa
778 1150 828 1176 per
844 1149 875 1167 se
892 1141 935 1167 vel
952 1149 1001 1176 per
1019 1149 1092 1167 nun-

126 1190 182 1216 tios
194 1190 254 1216 sive
268 1199 317 1224 per
330 1191 428 1217 literas
440 1199 509 1217 suas
521 1191 565 1217 vel
577 1190 715 1224 magister
727 1190 891 1216 Alexander
901 1190 1008 1216 domini
1022 1198 1092 1225 pape

125 1239 290 1274 capellanus
315 1239 472 1274 apostolice
494 1239 573 1266 sedis
597 1239 709 1273 legatus
730 1239 803 1274 ipsis
819 1248 868 1274 pro
884 1239 999 1265 domino
1020 1248 1092 1274 papa

125 1292 154 1314 et
169 1288 290 1314 ecclesia
308 1287 437 1314 Romana
455 1297 504 1323 per
519 1296 551 1314 se
576 1288 619 1314 vel
641 1296 691 1322 per
711 1289 827 1314 nuntios
849 1289 910 1314 sive
931 1296 980 1322 per
995 1288 1092 1314 literas

125 1345 194 1363 suas
210 1337 319 1364 fecerit.
343 1336 378 1363 Et
393 1345 426 1363 ea
444 1338 471 1363 in
493 1337 630 1363 omnibus
652 1342 679 1363 et
704 1345 753 1371 per
774 1337 870 1363 onmia
893 1337 1045 1363 observare
1064 1340 1093 1363 et

124 1386 217 1412 facere
234 1386 380 1412 observari
397 1386 602 1420 promiserunt.

162 1434 267 1461 Actum
291 1435 317 1461 in
336 1435 439 1470 palatio
455 1436 536 1469 regni
551 1435 694 1461 Turi-itani
711 1435 745 1461 de
765 1435 885 1466 Arde-ra,
903 1443 998 1461 coram
1020 1435 1093 1461 sub-

125 1484 241 1510 scribtis
256 1484 390 1516 testibus,
412 1483 544 1511 videlicet
563 1483 751 1510 Gisarcliensi
770 1488 797 1509 et
812 1483 996 1517 Empuriensi
1017 1483 1092 1518 epis-

125 1533 223 1567 copis,
251 1532 366 1559 domino
396 1532 547 1559 Lamberto
572 1533 674 1559 abbate
699 1532 733 1558 de
763 1532 906 1562 Falesiav.
933 1532 1033 1558 abbate
1058 1532 1092 1558 de

125 1580 278 1612 Saccaria,
308 1581 393 1608 fratre
421 1581 545 1608 Orlando
575 1581 716 1608 monacho
739 1581 773 1607 de
802 1580 967 1613 Saccari:1,..
999 1581 1092 1613 priore

124 1629 311 1662 Gisarclensi,
329 1631 467 1665 magistro
483 1629 650 1657 Benencasa
670 1630 809 1657 canonico
831 1631 923 1656 sancti
945 1629 1092 1656 Michaelis

125 1679 243 1711 Lucani,
260 1683 288 1706 et
304 1679 477 1711 Benedicto,
495 1679 599 1706 clerico
616 1679 650 1705 de
666 1679 781 1712 Alatro,
797 1682 824 1705 et
840 1679 938 1705 multis
954 1679 1092 1705 militibus

124 1727 239 1754 Pisanis
253 1727 359 1754 ibidem
378 1728 573 1762 presentibus,
590 1731 618 1754 et
634 1728 705 1754 aliis.

158 1776 220 1811 Ego
236 1776 395 1811 Gregorius
411 1781 595 1804 sacrosancte
610 1776 741 1803 Romane
763 1777 887 1803 ecclesie
908 1776 1092 1810 scriniarius,

125 1824 161 1851 de
179 1825 310 1851 mandato
326 1825 393 1852 dicti
406 1825 515 1852 domini
531 1825 616 1860 legati
632 1826 687 1852 hoc
701 1826 927 1852 instrumentum
944 1825 1048 1851 scribsi
1065 1828 1093 1851 et

125 1874 268 1909 complevi
296 1882 418 1908 meoque
446 1874 530 1909 signo
558 1874 672 1909 signavi
697 1877 725 1900 et
750 1874 777 1900 in
803 1874 947 1909 publicam
973 1874 1092 1900 formam

125 1922 233 1957 redegit

159 1971 195 1998 Et
209 1980 264 2005 ego
279 1971 417 1998 Nicolaus
433 1971 607 1998 Ferentinus
623 1975 722 1998 sancte
738 1971 868 1998 Romane
884 1971 1005 1997 ecclesie
1020 1971 1092 1997 scri-

124 2021 248 2055 niarius,
265 2022 320 2048 hoc
340 2022 568 2048 instrumentum
585 2021 660 2048 sicut
677 2021 772 2047 inveni
788 2022 815 2047 in
834 2021 961 2056 predicto
978 2021 1091 2056 publico

123 2069 332 2102 instrumento,
351 2069 390 2096 nil
410 2069 518 2096 addens
535 2070 579 2096 vel
600 2071 732 2096 minuens
749 2070 792 2095 vel
809 2073 937 2102 mutans,
955 2069 989 2094 (le
1005 2069 1091 2095 verbo

124 2119 158 2145 ad
176 2119 294 2145 verbum
310 2119 459 2145 actoritate
475 2119 553 2145 sedis
565 2119 722 2153 apostolice
738 2118 897 2153 exemplavi
913 2122 940 2144 et
958 2119 983 2143 in
1003 2118 1091 2152 publi-

125 2176 187 2194 cam
204 2168 322 2194 formam
339 2168 444 2194 scribsi
461 2171 489 2193 et
504 2168 620 2202 signum
637 2168 702 2194 feci.

93 2308 268 2343 {CCCX1X1.
290 2323 323 2328 —
345 2308 496 2336 Concessio
518 2317 610 2335 CASTnl
631 2317 701 2338 ouon
725 2317 830 2335 nicircn
848 2307 954 2334 MoxTis
972 2308 1090 2334 AcuT12.

160 2407 179 2440 †
200 2405 233 2432 In
256 2407 369 2432 nomine
385 2406 492 2432 domini
512 2407 602 2432 nostri
617 2405 688 2432 Jesu
707 2405 824 2431 Christi.
846 2404 908 2430 Hoc
928 2409 972 2430 est
993 2413 1091 2430 exem·

124 2455 202 2490 plum
217 2455 369 2489 cujusdam
389 2454 494 2489 publici
510 2455 694 2480 instrumenti
712 2454 800 2487 hujus
816 2454 924 2479 tenoris
943 2464 947 2478 :

128 2605 151 2632 1.
173 2604 312 2638 [Ardera],
329 2603 362 2630 ‘29
379 2612 454 2630 mars
474 2604 549 2631 1236.
573 2618 608 2623 —
629 2603 779 2634 Muratori,
797 2605 874 2635 Ant„
891 2608 911 2629 t.
930 2603 983 2633 VI,
1003 2612 1029 2637 p.
1050 2604 1089 2629 11.

89 2668 123 2672 -
139 2652 252 2678 Hubald
276 2657 304 2678 et
326 2652 462 2678 Adelasia
483 2653 556 2685 (voir
576 2652 617 2677 les
633 2652 746 2677 chartes
765 2651 961 2685 precedentes)
978 2651 1090 2685 s'enga-

89 2705 160 2736 gent
175 2702 190 2727 a
205 2700 284 2726 obe'ir
300 2709 356 2726 aux
372 2700 472 2727 ordres
487 2700 525 2726 du
544 2708 614 2734 pape
631 2699 768 2734 Gregoire
784 2699 828 2725 IX
848 2705 875 2726 et
894 2700 928 2726 de
949 2708 999 2726 son
1018 2701 1092 2734 legat

88 2749 263 2777 Alexandro.

126 2799 151 2826 2.
170 2798 292 2830 Ardera,
311 2797 340 2824 14
358 2798 429 2824 avril
446 2797 522 2824 1237.
541 2812 572 2816 —
591 2797 737 2830 Muratori‚
755 2799 830 2828 Ant„
849 2801 868 2824 t.
885 2796 936 2831 VI,
953 2806 980 2832 p.
998 2799 1038 2824 17.
1057 2813 1091 2817 —

90 2847 130 2874 La
151 2858 163 2870 α
189 2847 267 2873 reine
292 2858 302 2869 n
327 2845 463 2872 Adelasia
485 2849 513 2872 et
533 2854 584 2872 son
603 2846 673 2871 mari
688 2845 815 2872 donnent
835 2855 869 2872 an
896 2845 1089 2881 Saint-Siege,

91 2897 258 2930 represents}
274 2903 325 2929 par
340 2894 365 2920 le
382 2894 456 2928 legat
471 2893 646 2926 Alexandr-2,
657 2895 681 2919 le
696 2894 816 2920 chateau
827 2894 862 2920 de
873 2894 969 2920 Monte
984 2895 1088 2922 Acuto.

89 2943 130 2970 Ce
143 2944 263 2970 cbateau
280 2943 350 2969 etait
364 2943 440 2969 sitne
455 2942 526 2969 dans
537 2941 560 2968 le
573 2942 687 2969 diocese
703 2942 737 2968 de
752 2941 862 2974 Castro,
875 2951 909 2969 en
922 2942 1089 2978 Sardaigne,

90 3000 148 3018 non
163 2991 220 3018 loin
236 2990 392 3019 d'Oschiri.

1248 408 1278 434 In
1302 409 1417 434 nomine
1443 408 1571 440 Domini,
1593 418 1666 436 anno
1683 410 1797 437 Domini
1813 411 2053 444 MCCXXXVH,
2076 412 2175 440 indic-

1210 457 1287 483 tione
1304 456 1362 488 XI,
1388 461 1514 492 tempore
1535 458 1640 484 domini
1663 458 1793 493 Gregorii
1814 459 1897 486 VIIH
1922 469 1991 495 pape
2016 470 2090 488 anno
2108 461 2171 495 XI,

1209 505 1421 540 quartadecima
1439 506 1483 532 die
1501 507 1608 534 mensis
1624 508 1732 542 aprilis.
1754 508 1850 535 Pateat
1868 510 2002 536 omnibus
2018 511 2170 537 manifeste

1209 554 1285 588 quod
1307 553 1421 580 domina
1442 554 1575 581 Adelasia
1597 556 1694 589 regina
1715 556 1865 583 Tui-ritana
1889 562 1916 584 et
1939 558 2118 585 Gallurensis
2143 563 2172 586 et

1208 602 1343 628 dominus
1359 602 1508 629 Hubaldus
1522 604 1563 629 vir
1579 605 1644 638 ejus
1656 605 1745 639 judex
1762 605 1942 632 Gallurensis
1958 611 1985 633 et
2000 607 2171 634 Turritanus

1209 655 1312 685 sponte
1328 654 1356 676 et
1372 651 1445 677 bona
1463 652 1615 683 voluntate,
1633 654 1707 679 nulla
1723 655 1870 681 coactione
1887 656 2104 690 interveniente,
2122 656 2172 683 de-

1209 699 1328 733 derunt,
1356 700 1533 726 tradiderunt
1557 706 1584 727 et
1609 708 1815 729 concesserunt
1839 704 1960 730 ecclesie
1985 704 2114 731 Romane
2144 708 2173 732 et

1210 748 1325 775 domino
1352 749 1491 783 Gregorio
1516 758 1628 777 summo
1654 752 1779 786 pontifici
1804 754 1925 786 ejusque
1951 754 2170 780 successoribus

1209 799 1346 824 canonice
1371 798 1543 825 intrantibus
1569 808 1617 833 pro
1643 800 1704 834 ipsa
1728 801 1849 827 ecclesia
1876 801 2018 835 Romana,
2042 806 2169 829 castrum

1214 847 1290 883 quod
1306 848 1411 874 dicitur
1429 847 1523 873 Monte
1540 848 1653 874 Acutus
1671 849 1834 882 liberaliter,
1857 858 1926 884 pure
1946 854 1973 876 et
1994 851 2056 877 sine
2079 851 2172 885 aliqua

1210 897 1379 924 condicione
1401 896 1573 928 habendum,
1593 897 1746 923 tenendum
1765 901 1791 923 et
1807 898 2025 925 custodiendum
2043 907 2092 933 pro
2109 900 2173 933 ipsa

1209 947 1331 973 ecclesia
1348 946 1477 972 Romana
1499 950 1526 970 et
1546 945 1706 972 faciendum
1723 947 1818 972 omnia
1834 955 2015 981 quecumque
2038 955 2171 974 summus

1209 995 1337 1030 pontifex
1354 1003 1402 1028 pro
1420 994 1481 1028 ipsa
1494 994 1615 1019 ecclesia
1632 994 1760 1020 Romana
1776 995 1809 1020 de
1826 995 1888 1029 ipso
1904 1000 1997 1022 castro
2014 996 2105 1022 facere
2122 1004 2173 1022 vo-

1209 1043 1309 1074 luerit,
1337 1043 1472 1077 magistro
1500 1042 1664 1068 Alexandro
1688 1044 1832 1078 capellano
1855 1048 1882 1069 et
1903 1044 1993 1077 legato
2016 1044 2171 1079 apostolice

1210 1091 1288 1118 sedis
1304 1100 1354 1126 pro
1371 1092 1431 1125 ipsa
1448 1095 1476 1117 et
1493 1092 1605 1117 nomine
1620 1091 1712 1126 ipsius
1728 1092 1848 1118 ecclesie
1866 1092 1993 1118 Romane
2011 1093 2171 1127 predictum

1210 1144 1337 1167 castrum
1355 1140 1519 1174 recipiente.

1247 1190 1352 1215 Actum
1370 1189 1397 1214 in
1416 1189 1518 1223 palatio
1534 1188 1615 1222 regni
1630 1188 1774 1214 Turritani
1797 1188 1831 1214 de
1854 1189 1971 1220 Ardera,
1990 1198 2083 1215 coram
2100 1189 2172 1216 sub-

1210 1238 1326 1264 scribtis
1343 1237 1477 1269 testibus,
1495 1237 1662 1264 videlieet...
1678 1238 1813 1271 episcopo
1828 1237 2055 1271 Empuriensi‚...
2071 1238 2172 1264 abbate

1210 1287 1244 1313 de
1261 1287 1403 1317 Βᾶσσαι-13,
1422 1286 1572 1312 Lamberto
1588 1286 1689 1312 abbate
1710 1286 1744 1311 de
1769 1285 1893 1317 Falesia,
1914 1286 1979 1312 Vite
1995 1287 2170 1321 presbytero¹

1210 1335 1299 1362 Paulo
1320 1339 1347 1361 et
1367 1335 1497 1361 Johanne
1522 1335 1656 1361 fratribus
1676 1334 1710 1360 de
1731 1334 1829 1360 ordine
1853 1335 2010 1368 Minoi-um,
2035 1335 2172 1369 magistro

1210 1383 1378 1410 Ben‹·ncasa
1394 1384 1532 1409 canonico
1549 1383 1639 1409 sancti
1657 1382 1803 1408 Michaelis
1819 1382 1936 1415 Lucani,
1952 1382 2107 1409 Benedicto
2119 1383 2173 1408 cle-

1210 1433 1270 1459 rico
1286 1432 1377 1459 sancti
1394 1431 1531 1466 Stephani
1551 1431 1586 1457 de
1603 1431 1716 1463 Alatre,
1732 1430 1864 1457 Johanne
1882 1435 1910 1457 et
1930 1430 2082 1458 Thomasio
2101 1432 2173 1458 civi-

1210 1482 1264 1508 bus
1280 1481 1429 1513 Alatrinis,
1446 1485 1473 1506 et
1489 1480 1578 1506 Conio
1594 1481 1628 1506 de
1644 1479 1770 1512 Verulis,
1787 1484 1814 1506 et
1831 1480 1927 1506 multis
1943 1480 2015 1507 aliis.

1244 1529 1305 1564 Ego
1329 1529 1486 1564 Gregorius
1506 1532 1688 1555 sacrosancte
1710 1528 1838 1554 Romane
1860 1529 1981 1554 ecclesie
2005 1529 2173 1555 scriniarius

1210 1578 1244 1604 de
1267 1578 1398 1604 mandato
1419 1577 1488 1603 dicti
1509 1577 1616 1603 domini
1639 1577 1723 1611 legati
1746 1576 1800 1602 hoc
1820 1577 2043 1602 instrumentum
2069 1576 2174 1603 scribsi

1209 1631 1237 1653 et
1256 1626 1396 1661 complevi
1417 1634 1538 1660 meoque
1560 1626 1644 1659 signo
1665 1625 1778 1659 signavi
1799 1626 1869 1651 etin
1886 1624 2030 1659 publicam
2052 1625 2171 1651 formam

1210 1669 1320 1710 redegi.

1245 1724 1279 1750 Et
1294 1732 1347 1758 ego
1363 1723 1500 1750 Nicolaus
1516 1722 1688 1749 Ferentinus
1704 1726 1801 1748 sancte
1817 1722 1946 1748 Romane
1964 1722 2084 1748 ecclesie
2100 1721 2174 1748 scri-

1210 1773 1330 1803 niarius,
1344 1773 1398 1799 hoc
1410 1773 1633 1798 instrumentum
1647 1772 1722 1797 sicut
1735 1771 1829 1797 inveni
1841 1771 1866 1796 in
1881 1770 2006 1805 predicto
2020 1770 2134 1804 publico
2145 1773 2174 1796 et

1209 1822 1355 1848 autentico
1372 1821 1562 1847 instrumento
1575 1842 1581 1854 ,
1599 1820 1636 1846 nil
1652 1819 1760 1846 addens
1776 1820 1819 1845 vel
1835 1820 1967 1845 minuens
1982 1819 2026 1845 vel
2048 1822 2171 1851 mutans,

1209 1871 1244 1897 de
1264 1871 1350 1897 verbo
1376 1871 1410 1897 ad
1433 1870 1551 1896 verbum
1571 1870 1719 1896 actoritate
1740 1869 1818 1895 sedis
1838 1868 1994 1903 apostolice
2013 1868 2173 1903 exemplavi

1209 1924 1237 1946 et
1254 1921 1283 1946 In
1297 1919 1440 1954 publicam
1457 1919 1575 1945 sormam
1591 1918 1695 1944 scribsi
1712 1921 1739 1944 et
1755 1918 1870 1952 signum
1887 1917 1951 1943 feci.

1177 2074 1338 2108 {CCCXXL
1352 2090 1385 2095 —
1403 2073 1444 2099 Di:
1461 2081 1548 2100 sonan
1565 2080 1665 2099 casnm
1676 2078 1694 2098 ¹.

1243 2177 1261 2209 †
1283 2175 1314 2201 In
1337 2175 1451 2202 nomine
1471 2175 1579 2201 domini
1596 2175 1684 2201 nostri
1703 2174 1775 2200 Jesu
1792 2173 1908 2200 Christi.
1931 2173 1992 2200 Hoc
2011 2178 2055 2200 est
2075 2182 2172 2200 exem·

1209 2225 1286 2259 plum
1302 2226 1347 2258 cuj
1355 2224 1454 2250 usdam
1471 2223 1575 2258 publici
1592 2223 1774 2250 instrumenti
1791 2223 1878 2256 hujus
1894 2223 2002 2249 tenoris
2018 2234 2023 2248 :

1244 2273 1276 2299 In
1287 2273 1400 2299 nomine
1412 2273 1538 2304 Domini,
1551 2280 1645 2298 amen.
1656 2273 1741 2298 Anno
1756 2272 1868 2298 Domini
1879 2270 2117 2304 MCCXXXVII,
2128 2271 2173 2297 in-

1208 2323 1332 2348 dictione
1348 2321 1404 2352 XI,
1422 2326 1550 2356 tempore
1567 2321 1674 2348 domini
1691 2321 1822 2355 Gregorii
1840 2320 1924 2346 VIIII
1940 2329 2010 2355 pape
2026 2328 2099 2346 anno
2118 2320 2172 2351 XI,

1208 2371 1405 2397 sextodecimo
1429 2371 1474 2396 die
1491 2370 1600 2396 mensis
1615 2370 1728 2404 aprelis.
1754 2368 1851 2395 Pateat
1871 2370 2004 2395 omnibus
2021 2369 2171 2395 manifeste

1208 2419 1284 2454 quod
1306 2420 1442 2453 magister
1462 2418 1625 2445 Alexander
1650 2418 1814 2452 capellanus
1837 2422 1865 2443 et
1886 2417 1995 2451 legatus
2015 2418 2172 2452 apostolice

1208 2468 1286 2495 sedis
1299 2468 1458 2502 assignavit
1472 2472 1500 2494 et
1514 2467 1591 2493 dedit
1607 2470 1732 2493 castrum
1744 2466 1819 2500 quod
1835 2466 1938 2492 dicitur
1949 2466 2045 2492 Monte
2057 2467 2171 2493 Acutus

1208 2516 1243 2543 ad
1272 2516 1442 2548 tenendum,
1471 2515 1642 2542 servandum
1669 2519 1696 2541 et
1720 2515 1940 2541 custodiendum
1969 2523 2018 2549 pro
2042 2515 2171 2541 Romana

1207 2565 1331 2591 ecclesia
1353 2569 1380 2590 et
1403 2565 1519 2590 domino
1545 2573 1616 2599 papa
1642 2564 1780 2598 Gregorio
1807 2565 1929 2598 ejusque
1949 2564 2171 2590 successoribus

1211 2614 1348 2639 canonice
1369 2613 1544 2639 intrantibus
1559 2612 1695 2646 episcopo
1712 2611 1909 2646 Empuriensi,
1926 2616 1954 2637 et
1969 2611 2004 2637 ad
2019 2612 2171 2645 resignan-

1208 2663 1275 2688 dum
1292 2667 1411 2688 tamtum
1423 2662 1448 2687 ei
1464 2665 1492 2687 et
1509 2661 1576 2687 nulli
1592 2661 1648 2694 alii,
1663 2662 1709 2687 cui
1726 2669 1858 2686 summus
1870 2660 1997 2695 pontifex
2014 2661 2170 2687 mandave-

1209 2711 1244 2737 rit
1270 2711 1420 2745 resignari.
1447 2710 1481 2736 Et
1505 2711 1600 2744 ipsum
1626 2710 1793 2744 episcopum
1820 2709 1915 2743 posuit
1941 2710 1968 2735 in
1993 2710 2170 2743 corporalem

1209 2893 1232 2918 1.
1249 2891 1425 2923 Momacum,
1445 2891 1474 2917 18
1491 2890 1560 2916 avril
1580 2890 1654 2916 1237.
1671 2904 1704 2910 -
1722 2890 1868 2924 Muratori,
1884 2892 1960 2923 Ant„
1977 2894 1997 2916 t.
2018 2889 2066 2923 VI,
2083 2899 2111 2925 p.
2127 2891 2170 2918 19,

1172 2956 1205 2962 ,-
1222 2941 1259 2967 Le
1274 2941 1349 2975 legat
1364 2939 1525 2966 Alexandre
1539 2939 1630 2966 confie
1643 2939 1667 2964 la
1679 2938 1766 2973 garde
1779 2938 1813 2964 de
1829 2939 1995 2973 cechateau
2011 2940 2026 2965 a
2042 2939 2173 2974 l'eveque

1172 2989 1367 3024 d'Ampurias.
