2392 3571
647 321 697 350 LE
719 320 864 350 LIBER
886 319 1121 351 CENSUUM
1145 320 1200 349 DE
1222 311 1410 350 L'FLGLISE
1432 321 1642 352 ROMAINE.
2130 327 2185 356 551

135 387 228 420 itant,
252 386 356 415 Someo
379 387 460 415 Petri
477 387 587 422 Bondi,
618 387 791 416 Massarono
812 386 933 415 domini
955 387 1098 422 Beccarii,

136 439 327 468 Jovannucio
342 439 471 468 Gerardi
484 444 510 468 et
525 439 672 468 Jacobono
687 439 934 468 Accurrimbone.

97 581 336 612 CCLXXXVI.
349 598 388 604 —
403 582 578 612 OflmGA'rto
596 591 831 613 FtDEJUSSORUM
849 591 908 612 Pno
925 591 1066 612 numus
1080 583 1102 610 ¹.

177 674 286 702 Eodem
309 674 372 709 die,
396 682 450 703 nos
470 673 673 711 Struppholus
693 674 847 710 quondam
866 674 986 703 domini
1000 674 1105 703 Jacobi

137 731 164 755 et
184 727 310 763 Venyate
323 726 478 764 quondam
494 726 614 755 domini
630 726 768 760 Gentius,
784 727 1003 764 principaliter
1019 731 1046 755 et
1060 727 1105 755 si-

137 784 188 807 cut
202 779 391 816 principales
405 779 559 814 debitores,
576 779 610 807 de
625 779 772 808 mandato
787 784 814 808 et
829 780 968 816 precibus
984 779 1106 808 domini

136 831 280 860 Munaldi
310 831 442 868 predicti
478 831 588 859 tutoris
616 831 755 867 filiorum
784 831 940 868 quondam
974 831 1105 868 predicti

139 883 260 920 Georgii
272 883 384 918 fratris
404 883 467 917 sui,
483 883 699 920 promittimus
715 891 770 920 per
790 892 843 912 nos
863 888 1037 920 nostrosque
1053 883 1106 911 he-

137 935 221 964 redes
237 935 292 963 tibi
309 935 396 963 Petro
410 935 533 963 notario
552 934 685 972 predicti
706 935 827 964 domini
845 936 985 964 Matrini
998 936 1063 964 vice
1080 941 1106 964 et

137 988 262 1017 nomine
278 988 375 1024 ipsius
390 996 446 1024 pro
461 987 597 1016 Romana
609 988 731 1016 ecclesia
746 988 916 1025 recipienti,
934 997 990 1017 nos
1002 989 1106 1024 factu-

138 1048 188 1068 ros
202 1044 229 1068 et
243 1043 407 1068 curaturos
424 1039 504 1076 quod
520 1039 652 1076 predicti
670 1039 862 1075 Jacobucz'us,
885 1039 1064 1075 Ofreducius
1079 1045 1106 1069 et

138 1092 289 1127 Letitiola‚
307 1092 425 1129 pupilli
438 1091 500 1128 filii
518 1091 674 1129 quondam
687 1092 819 1129 predicti
835 1092 956 1121 domini
972 1092 1102 1129 Georqii,

135 1149 297 1182 postquam
314 1144 354 1173 ad
372 1144 544 1181 legitimam
563 1148 671 1172 etatem
684 1145 892 1182 pervenerint,
910 1145 983 1173 huic
996 1145 1107 1173 vendi-

140 1197 228 1232 tioni,
241 1197 435 1232 concessioni,
450 1197 588 1231 cessioni,
603 1197 797 1232 refutationi,
810 1198 989 1226 remissioni
999 1202 1026 1226 et
1040 1206 1106 1226 om-

138 1250 230 1278 nibus
255 1249 444 1286 supradictis
469 1250 658 1278 consentient
687 1254 714 1278 et
740 1250 914 1286 concedent,
947 1251 1106 1287 ipsamque

138 1301 344 1330 venditionem
360 1306 387 1330 et
401 1303 507 1330 omnia
517 1301 695 1338 supradicta
710 1307 744 1331 ut
761 1303 794 1332 in
806 1303 940 1340 sinyulis
955 1303 1107 1339 capitib-us

138 1354 281 1392 superius
295 1354 495 1383 continentur
513 1354 686 1391 firmabunt
703 1355 782 1384 sicut
801 1355 835 1383 de
849 1355 923 1392 jure
941 1356 1039 1391 fuerit
1057 1355 1107 1391 fa-

139 1406 295 1440 ciendum,
316 1411 342 1434 et
359 1407 486 1443 insuper
503 1407 610 1435 omnia
626 1412 654 1436 et
671 1408 797 1444 sinquta
811 1407 993 1444 supradicta
1007 1412 1108 1436 atten—

139 1459 211 1488 dent
231 1463 259 1488 et
281 1459 483 1488 observabunt
504 1464 656 1497 perpetuo,
685 1465 710 1488 et
734 1468 794 1488 non
819 1461 1051 1490 contravenient
1072 1461 1107 1488 in

139 1511 244 1548 aliquo
258 1511 468 1548 predictorum
480 1520 536 1549 per
549 1520 578 1540 se
594 1512 640 1540 vel
655 1512 756 1540 alium
770 1512 877 1549 aliqua
888 1513 1041 1542 occasione
1055 1514 1108 1542 in-

139 1565 228 1601 genio
246 1565 294 1593 vel
310 1564 436 1600 fraude,
459 1569 487 1593 et
505 1565 533 1593 si
550 1565 585 1593 in
605 1565 711 1602 aliquo
723 1565 933 1602 predictorum
948 1571 1107 1595 contrave-

139 1618 208 1646 nire
222 1617 474 1653 presumpserint,
495 1617 712 1654 promittimus
726 1626 782 1654 per
795 1626 850 1646 nos
865 1623 1041 1655 nostrosque
1056 1619 1108 1647 he-

139 1669 223 1698 redes
240 1674 268 1697 et
281 1677 463 1698 successores
477 1669 685 1698 constituendo
699 1678 752 1698 nos
764 1671 951 1708 principales
964 1671 1109 1699 debitores

140 1722 199 1759 ipsi
217 1721 350 1755 ecclesie,
373 1722 473 1759 ipsam
493 1722 662 1751 Romanam
684 1723 839 1751 ecclesiam
862 1731 1042 1753 conservare
1058 1724 1109 1752 in-

140 1774 298 1811 dempnem
313 1775 454 1803 omnibus
474 1775 585 1803 nostris
600 1776 747 1812 expensis,
767 1780 794 1804 et
809 1775 944 1813 dampna
961 1777 1066 1805 omnia
1082 1781 1108 1804 et

141 1835 284 1864 expensas
306 1827 341 1855 in
363 1828 452 1856 curia
471 1832 497 1856 et
520 1832 607 1856 eaetra
629 1828 752 1856 curiam
775 1828 894 1864 relicere
915 1833 941 1857 et
960 1829 1109 1870 resarcire

138 1880 194 1909 sub
208 1880 390 1916 obliqatione
405 1880 546 1908 omnium
566 1885 741 1909 nostrorum
758 1881 905 1909 bonorum
919 1869 1108 1918 presentium

139 1937 166 1961 et
180 1933 373 1967 futurorum,
388 1937 414 1960 et
429 1941 505 1969 pena
523 1941 545 1961 M
558 1933 711 1960 librarum
728 1933 918 1967 lucensium,·
933 1942 994 1970 qua
1009 1933 1109 1962 soluta

142 1985 187 2014 vel
198 1985 358 2013 commissa
372 1985 420 2012 vel
435 1993 495 2013 non
508 1985 619 2019 soluta,
629 1985 765 2022 predicta
777 1986 883 2013 omnia
897 1990 924 2013 et
938 1983 1062 2022 sinyula
1076 1990 1110 2014 ut

140 2037 176 2066 in
193 2036 328 2073 sinyulis
343 2037 490 2074 capitulis
507 2038 649 2074 superius
664 2038 862 2066 continentur
877 2039 963 2066 omni
980 2042 1110 2075 tempore

139 2090 174 2118 <in
199 2098 255 2118 sua
276 2089 426 2126 firmitate
446 2089 625 2126 perdurent.
642 2090 860 2118 Renuntiantes
877 2090 1014 2126 benefitio
1035 2099 1110 2119 nove

140 2141 371 2170 constitutionis
384 2145 411 2169 et
434 2140 570 2177 benefitio
584 2140 796 2178 fidejussorum
807 2163 813 2175 ‚
835 2146 861 2169 et
876 2142 1046 2178 spetialiter
1060 2142 1110 2170 illi

141 2194 323 2222 auctoritati
339 2193 387 2222 Set
405 2193 492 2221 hodie
514 2194 657 2229 omnique
676 2194 735 2221 alii
757 2194 855 2229 lequm
872 2199 900 2222 et
920 2194 1110 2223 decretorum

140 2246 262 2275 auxilio
276 2245 361 2274 nobis
377 2247 410 2274 in
426 2246 480 2274 hoc
492 2246 571 2280 facto
586 2246 750 2280 coherenti,
764 2247 942 2283 competenti
955 2251 981 2275 et
994 2255 1110 2284 compe-

144 2300 252 2328 tituro.

182 2352 291 2380 Actum
318 2352 351 2380 in
377 2356 476 2380 castro
499 2351 645 2380 Rosciano
670 2352 704 2379 in
727 2351 814 2380 domo
835 2351 954 2380 domini
976 2352 1109 2386 Beraldi,

140 2404 330 2442 presentibus
359 2404 482 2432 testibus
512 2403 635 2432 domino
662 2403 813 2432 Yancredo
836 2403 956 2432 Amidei
978 2404 1013 2432 de
1039 2405 1112 2433 Ros-

144 2458 244 2492 ciano,
271 2457 396 2494 Huqone
419 2457 535 2491 Bocchi,
556 2457 660 2486 Someo
679 2456 764 2492 Saxi,
790 2457 980 2486 Accomando
1001 2458 1109 2492 Blasii,

143 2510 319 2538 Massarono
331 2509 450 2538 domini
462 2509 741 2544 Beccar·ii‚A11d1-ea
752 2509 984 2538 dominiJacobi
994 2510 1112 2539 Jonan-

144 2563 205 2596 nis,
223 2566 250 2590 et
265 2562 339 2590 aliis
350 2562 504 2599 pluribus.

184 2615 244 2652 Eyo
265 2615 372 2643 Petrus
387 2620 574 2643 sacrosancte
598 2615 730 2643 Romane
750 2615 868 2644 ecclesie
890 2617 1030 2644 notarius
1050 2616 1113 2644 hiis

142 2667 284 2696 omnibus
298 2667 446 2705 predictis
466 2668 612 2703 interfui,
638 2672 666 2696 et
682 2672 717 2696 ut
737 2676 832 2705 supra
857 2668 970 2705 leyitur
988 2673 1113 2705 ›roqcztus

145 2719 256 2757 scripsi
270 2723 297 2748 et
313 2719 519 2748 auctorizavi.

143 2876 170 2901 1.
181 2875 277 2902 Castel
289 2875 436 2902 Rosciano
447 2876 496 2908 (cf.
508 2876 668 2909 ci-dessus,
682 2884 708 2910 p.
719 2876 805 2908 450a,
820 2884 846 2902 n.
860 2876 1020 2911 3)‚1e=juin
1035 2877 1113 2904 1235.

107 2937 145 2944 —
162 2923 359 2959 Struppholus
379 2928 408 2950 et
429 2923 561 2958 Vengate
580 2932 612 2950 se
635 2927 750 2958 portent
770 2928 888 2958 garauts
908 2932 982 2958 pour
1000 2925 1042 2951 les
1057 2925 1114 2951 mi-

109 2979 197 2998 neurs
212 2971 372 2998 imoressfis
387 2972 460 2998 dans
475 2972 500 2998 la
516 2976 600 2998 vente
618 2979 649 2998 n⁰
664 2970 883 2998 CCLXXXIV.

1190 384 1442 415 CCLXXXVII.
1460 403 1498 408 —
1519 388 1766 420 [ssrncussrnu
1783 399 1931 421 εΡετιΑιε
1947 401 1984 421 οε
2002 401 2189 423 fleuissxosss

1225 446 1417 468 imminuit
1429 441 1451 468 ¹.

1266 537 1302 564 In
1324 537 1439 565 Christi
1460 540 1596 573 nomine,
1619 549 1718 569 amen.
1740 542 1826 570 Anno
1847 543 1979 579 ejusdem
2003 543 2184 579 JICCXXXV,

1225 589 1394 617 indictione
1413 589 1489 622 VIII,
1507 595 1634 627 tempore
1647 593 1766 621 domini
1780 594 1916 630 Gregorii
1929 603 2004 632 pope
2017 596 2090 624 noni
2108 597 2189 624 exis-

1226 641 1330 674 tentis,
1348 641 1396 669 die
1413 642 1541 670 secundo
1563 648 1686 672 ereunte
1706 654 1802 673 mense
1822 647 1910 680 maii,
1928 655 1981 675 nos
1995 647 2117 683 quidem
2133 648 2190 676 Bo·
2235 680 2238 682 ,

1226 692 1400 728 nafidantia
1416 693 1569 729 quondam
1592 695 1734 724 Massucii
1751 706 1804 733 pro
1821 707 1866 726 me
1882 704 1909 726 et
1925 699 2077 728 Ianuario
2093 701 2190 735 fratre

1227 753 1302 779 meo,
1322 749 1348 773 et
1364 753 1414 782 eqo
1430 745 1593 774 Munaldus
1608 749 1761 783 quondam
1780 750 1899 779 domini
1913 752 2013 780 Jacobi
2028 761 2084 789 pro
2100 761 2146 781 me
2163 757 2190 781 et

1227 798 1340 825 tutorio
1356 798 1479 826 nomine
1500 804 1641 835 nepotum
1660 810 1793 829 meorum
1810 803 1973 839 Jacobucii‚
1991 805 2147 839 Osreducii
2164 809 2192 834 et

1226 849 1370 884 Letitiole,
1380 849 1518 885 liliorum
1528 852 1681 887 quondam
1692 853 1928 890 Georyiifratris
1938 857 2004 891 mei,
2017 858 2192 893 quietamus

1225 902 1408 937 refutamus,
1428 903 1615 941 remittimus
1630 910 1655 933 et
1665 910 1788 942 pactum
1801 908 1933 942 facimus
1948 909 1982 937 de
1992 918 2053 938 non
2065 910 2192 947 petendo

1226 953 1310 981 vobis
1325 953 1448 982 domino
1463 955 1605 984 Aiatriuo
1627 957 1746 986 domini
1759 967 1833 996 pape
1850 960 2032 989 subdiacono
2049 966 2075 989 et
2093 962 2191 999 capel-

1227 1006 1314 1041 lano,
1332 1015 1416 1035 nunc
1435 1006 1564 1035 ducatus
1580 1008 1735 1045 Spoletani
1753 1012 1872 1046 rectori,
1888 1014 2054 1050 stipulanti
2070 1015 2192 1043 nomine

1227 1062 1254 1086 et
1269 1059 1334 1087 vice
1351 1059 1481 1087 Romane
1496 1061 1630 1096 ecclesie,
1654 1062 1773 1091 domini
1788 1072 1863 1101 pape
1883 1064 2020 1102 Gregorii
2033 1071 2060 1094 et
2076 1075 2193 1095 succes-

1226 1119 1332 1140 sorum
1350 1113 1424 1149 ejus,
1453 1121 1571 1141 omnem
1591 1114 1746 1150 ‘injuriam
1771 1125 1948 1154 omnemque
1970 1119 2145 1148 violentiam
2167 1124 2194 1149 et

1228 1172 1347 1193 omnem
1365 1165 1515 1194 actionem
1530 1167 1726 1203 injuriarum
1746 1170 1828 1198 nobis
1852 1175 1878 1198 et
1896 1171 2042 1207 predictis
2056 1173 2194 1210 personis

1228 1217 1351 1245 illatam
1364 1226 1420 1254 per
1436 1226 1487 1246 vos
1506 1223 1532 1246 et
1552 1219 1629 1248 alios
1644 1221 1770 1249 nuntios
1785 1222 1901 1251 ecclesie
1918 1223 2048 1253 Romane
2066 1226 2097 1254 in
2115 1226 2194 1255 dicto

1227 1270 1335 1306 qvirone
1350 1271 1397 1299 cet
1411 1272 1565 1300 occasione
1581 1272 1679 1309 ipsius
1693 1273 1823 1310 pironis,
1839 1276 2051 1312 promittentes
2068 1286 2123 1314 per
2141 1267 2195 1307 nos

1229 1327 1256 1350 et
1276 1331 1422 1359 personas
1443 1324 1596 1360 predictas
1626 1330 1800 1363 nostrosque
1821 1327 1941 1356 heredes
1969 1333 1996 1357 et
2016 1338 2196 1359 successores

1228 1375 1308 1411 quod
1324 1376 1444 1404 nullam
1467 1377 1551 1405 litem
1572 1386 1624 1406 seu
1639 1379 1868 1415 querimoniam
1884 1379 1918 1408 de
1933 1385 2026 1409 cetero
2046 1383 2197 1411 occasione

1225 1428 1364 1464 predicta
1388 1429 1448 1466 ipsi
1466 1429 1598 1459 Romane
1620 1431 1738 1460 ecclesie
1753 1433 1903 1467 faciemus
1920 1441 1974 1462 nec
1994 1435 2112 1463 mittere
2124 1443 2196 1472 pre-

1228 1481 1450 1517 sumpserimus
1463 1490 1558 1518 neque
1570 1491 1624 1519 per
1635 1491 1690 1511 nos
1706 1492 1800 1521 neque
1811 1493 1866 1522 per
1880 1485 2020 1522 aliquam
2033 1495 2196 1524 personam

1229 1542 1248 1561 a
1266 1534 1350 1562 nobis
1365 1535 1563 1570 submissam,
1582 1536 1635 1564 sub
1656 1536 1836 1573 obliyatione
1857 1542 2031 1567 nostrorum
2050 1540 2196 1568 bonorum

1229 1591 1255 1615 et
1263 1595 1341 1623 pena
1358 1587 1391 1615 in
1403 1588 1609 1617 instrumento
1621 1589 1807 1618 venditionis
1822 1590 1919 1627 ipsius
1930 1592 2050 1628 qironis
2062 1592 2175 1621 inserta
2184 1602 2195 1628 ‚-

1230 1648 1290 1679 qua
1304 1639 1404 1668 soluta
1419 1640 1466 1668 vel
1482 1641 1644 1669 commissa
1659 1641 1706 1670 vel
1723 1650 1785 1670 non
1802 1643 1916 1678 soluta,
1934 1644 2070 1680 predicta
2090 1645 2196 1673 omnia

1229 1696 1256 1719 et
1271 1692 1395 1728 sinyula
1418 1696 1452 1720 ut
1473 1692 1508 1720 in
1527 1693 1662 1729 sinyuiis
1684 1694 1830 1731 capitulis
1843 1696 1985 1732 superius
1999 1697 2198 1725 continentur

1232 1745 1264 1773 in
1277 1753 1334 1773 sua
1350 1749 1496 1773 maneant
1511 1745 1671 1781 firmitate.

1268 1798 1377 1826 Actum
1401 1798 1433 1825 in
1451 1797 1569 1834 palatio
1591 1798 1779 1835 episcopatus
1799 1799 1986 1836 Fulyinatis,
2008 1801 2196 1837 presentibus

1231 1850 1353 1878 testibus
1374 1849 1498 1878 domino
1518 1850 1638 1879 Roberto
1660 1850 1694 1879 de
1715 1851 1900 1888 Bombayno,
1927 1852 2050 1881 domino
2074 1853 2197 1882 Simone

1233 1902 1376 1937 Tomassi,
1397 1902 1521 1930 domino
1538 1903 1676 1931 Tomasso
1695 1903 1838 1940 Oderisii,
1853 1904 1976 1933 domino
1992 1906 2126 1934 Ranucio
2144 1906 2198 1935 Ro-

1231 1955 1350 1992 dulphi‚
1378 1955 1502 1984 domino
1527 1955 1607 1984 Bono
1633 1955 1795 1990 Gualterii‚
1821 1957 1944 1986 domino
1966 1958 2140 1987 Mai-escotto
2165 1958 2199 1987 de

1230 2008 1441 2043 Saxoferrato,
1461 2007 1585 2036 domino
1599 2008 1707 2037 Actone
1721 2009 1853 2045 ejusdem
1869 2011 1980 2045 castri,
1998 2015 2024 2039 et
2039 2011 2112 2039 aliis
2124 2011 2198 2048 plu-

1231 2061 1327 2089 ribus.

1270 2114 1331 2150 Eyo
1352 2113 1457 2142 Petrus
1477 2118 1666 2142 sacrosancte
1687 2115 1817 2143 Romane
1838 2115 1956 2144 ecclesie
1978 2117 2119 2145 notarius
2136 2117 2199 2145 hiis

1230 2165 1378 2203 predictis
1397 2166 1526 2201 interfui
1550 2170 1577 2195 et
1594 2171 1629 2194 ut
1647 2175 1742 2203 supra
1764 2167 1878 2204 leyitur
1902 2172 2025 2204 royatus
2045 2169 2156 2205 scripsi
2172 2173 2199 2197 et

1231 2219 1440 2247 auctoris-avi.

1193 2366 1464 2397 CCLXXXVIII.
1484 2383 1524 2390 —
1542 2368 1782 2407 Taso-summu
1800 2376 1909 2398 nomm
1927 2369 2064 2399 GssonGu
2085 2379 2118 2399 m
2135 2377 2198 2404 Quo

1233 2428 1396 2450 ms‘m'rmr
1417 2428 1566 2450 Domuum
1582 2429 1756 2450 MUNALDUM
1778 2429 1926 2451 raum-:st
1942 2429 2026 2451 sunu
2047 2431 2199 2453 Tim-omn(

1232 2481 1387 2503 mmmmm
1401 2481 1529 2503 sumum
1541 2476 1566 2503 ².

1271 2572 1330 2601 Hoc
1341 2577 1382 2600 est
1392 2573 1561 2609 exemplum
1573 2573 1731 2609 cujusdam
1747 2573 1946 2602 instrumenti
1955 2574 1999 2603 sic
2011 2575 2197 2612 incipientis.

1232 2736 1256 2761 1.
1273 2734 1404 2769 Foligno,
1421 2735 1454 2762 30
1470 2735 1525 2761 mai
1542 2735 1620 2762 1235.
1636 2749 1670 2755 —
1687 2734 1885 2762 Bonafidantia
1901 2740 1929 2763 et
1944 2737 2078 2764 Munaldo
2094 2746 2200 2766 renon-

1195 2787 1262 2810 cent
1276 2785 1292 2809 ὲ
1307 2786 1386 2809 toute
1403 2783 1620 2810 revendicatiou
1639 2784 1674 2810 de
1694 2783 1999 2819 dommages-Interffls
2014 2791 2113 2814 contre
2129 2788 2196 2814 l'ad-

1194 2829 1386 2857 ministration
1405 2830 1577 2864 pontificale,
1591 2832 1606 2857 :i
1624 2838 1730 2865 propos
1745 2830 1783 2857 du
1800 2831 1919 2858 chateau
1936 2832 1971 2858 de
1987 2833 2108 2859 Gualdo.

1230 2878 1256 2904 ⁵2.
1276 2877 1365 2904 Pozzo
1380 2877 1524 2909 Genuam,
1542 2878 1574 2905 25
1589 2879 1661 2905 avril
1681 2878 1757 2905 1230.
1772 2892 1808 2899 —
1821 2879 1988 2907 Testament
2006 2881 2041 2907 de
2057 2881 2198 2917 Georges,

1194 2926 1270 2953 {rese
1288 2926 1324 2952 de
1340 2925 1475 2952 Munaldo
1491 2930 1519 2952 et
1540 2927 1606 2960 μὲι-ε
1620 2926 1672 2953 des
1688 2926 1819 2953 minem-s
1834 2928 2015 2955 mentionue's
2030 2929 2102 2956 dans
2118 2930 2199 2958 Paete

1195 2980 1227 3000 n⁰
1242 2972 1460 3000 CCLXXXIV.
