2392 3571
147 338 206 368 440
695 335 744 364 LE
768 333 911 363 LIBER
934 331 1167 362 CENSUUM
1191 330 1245 359 DE
1269 319 1455 360 L‘FJGLISE
1478 329 1689 360 ROMAtNE.

151 713 382 747 CLXXXIIII.
402 730 439 733 —
460 711 641 741 SENTENTIA
658 721 737 741 DATA
757 722 795 742 An
812 713 1015 742 IMPERATORE
1032 720 1152 741 cos'rns

195 774 418 797 nETssMPTomzs
439 774 545 795 cssrm
567 765 715 795 Goszsos
733 774 770 794 ET
787 774 900 794 Tomos
921 772 1095 794 cofflTATos
1115 772 1152 792 ET

194 828 321 850 PODERlS
339 826 499 848 COMITtsSE
516 818 710 847 MAT1Lots¹.

232 924 407 953 Frcdcricus
418 924 525 952 divina
538 925 657 959 facente
671 924 827 951 clcnzentia
843 924 1042 951 Roinnnorum
1064 923 1153 958 impc-

190 983 276 1006 rator
291 986 405 1014 semper
421 982 569 1013 ituqustns
585 981 610 1004 et
628 985 679 1004 rea·
694 976 828 1004 Siciliae.
850 977 905 1003 Per
922 984 1041 1012 presens
1056 975 1153 1011 scrip-

191 1036 255 1059 tum
280 1035 382 1058 nolum
401 1030 534 1065 facimus
551 1034 609 1057 tam
629 1029 815 1065 presentibus
833 1038 922 1064 qunm
943 1028 1060 1063 fntnris
1077 1027 1154 1063 qnod

190 1084 276 1112 uobis
307 1083 503 1110 ea‘l‘stenlilnts
536 1083 567 1110 in
595 1082 737 1118 preterito
770 1090 865 1108 mense
895 1081 1050 1108 norembre
1080 1089 1154 1107 none

193 1136 372 1164 indictionis
387 1135 538 1163 incastris
552 1134 633 1171 apud
649 1134 791 1161 Sanctum
809 1134 938 1162 Leonem,
957 1133 995 1160 ad
1011 1133 1154 1160 monitio-

191 1198 257 1217 nem
286 1188 440 1216 carissimi
468 1188 496 1215 in
530 1187 647 1215 Cliristo
670 1186 768 1223 patris
791 1186 908 1213 domini
935 1185 1027 1220 liujus
1053 1189 1155 1213 sancte

191 1242 322 1269 Romane
342 1240 458 1268 ecclesie
473 1239 586 1267 summi
601 1239 753 1275 pontilicis
768 1243 793 1265 et
811 1238 990 1265 nuntiorum
1010 1238 1072 1273 ejus
1087 1238 1155 1274 fieri

191 1294 320 1329 fecimus
338 1293 486 1329 quoddam
508 1292 652 1328 scriptum
674 1291 753 1319 bulla
772 1300 864 1318 aurea
884 1291 1053 1318 roboratum
1078 1290 1156 1326 qnod

192 1346 362 1375 continebat
376 1356 383 1372 .·

234 1399 409 1427 Fredericus
421 1399 470 1425 Ilei
485 1398 584 1433 =qratia
602 1398 801 1424 lfomancnnm
819 1405 869 1424 rea·
882 1400 1156 1432 semperattqustus

191 1457 218 1481 ct
237 1460 288 1480 chJ
304 1451 415 1479 Sicilie.
436 1451 625 1486 l'er1n·escns
645 1450 791 1486 scriptum
811 1454 912 1477 notum
930 1449 1062 1483 facimus
1085 1449 1156 1476 uni-

191 1505 288 1533 versis
309 1508 367 1531 tam
388 1503 575 1539 presentilnis
594 1511 683 1538 quam
702 1502 820 1537 suturis
839 1501 916 1538 quod
936 1510 1002 1529 cum
1023 1502 1062 1529 ad
1081 1502 1157 1529 resi-

189 1557 366 1594 ynationem
388 1555 549 1583 comitatus
570 1559 646 1582 terre
665 1559 689 1581 et
703 1554 823 1591 poderis
838 1554 990 1590 quondam
1009 1554 1158 1582 comitisse

191 1609 327 1637 Matildis
354 1607 525 1643 faciendam
555 1611 655 1635 sancte
684 1607 813 1634 Romane
842 1607 959 1634 ecclesie
991 1607 1158 1635 venerabili

192 1662 288 1689 matri
306 1666 403 1688 nostre
419 1660 457 1687 ad
475 1669 565 1696 quam
581 1660 711 1696 pertinet
725 1660 811 1696 pleno
823 1660 905 1696 jure,
925 1660 1072 1688 serenitas
1088 1669 1158 1688 nos-

193 1719 240 1742 tra
264 1718 368 1742 eontra
390 1713 532 1749 qubstttwt
559 1713 723 1740 detentores
746 1713 871 1749 speciale
902 1713 1081 1741 mandatum
1107 1713 1158 1741 [Ie-

192 1767 270 1795 derit
289 1776 322 1794 ac
338 1766 426 1794 etiam
444 1766 592 1802 qcnerale,
612 1770 671 1793 tam
688 1774 741 1802 per
757 1766 874 1793 litteras
889 1775 979 1802 quam
996 1775 1049 1802 per
1064 1766 1159 1794 dilec-

192 1825 256 1848 tum
291 1820 405 1855 fidelem
439 1819 469 1847 C.
507 1819 703 1847 rencrnbilem
740 1819 894 1847 Metcnsem
929 1823 955 1847 et
986 1819 1155 1856 Spirensem

191 1874 359 1910 episcopum
372 1896 378 1907 ,
398 1872 615 1899 cancellarium
637 1876 790 1905 nostrum,
809 1872 862 1899 sub
876 1880 953 1908 pena
975 1872 1057 1899 mille
1074 1882 1158 1900 mar-

192 1926 319 1954 charum
339 1925 458 1961 arqenti
471 1936 479 1953 :
499 1929 523 1952 et
538 1925 636 1952 dictus
652 1925 854 1953 cancellarius
870 1929 1002 1952 castrum
1023 1924 1159 1961 Gonzaqe

192 1987 259 2006 cum
277 1978 469 2014 pertinentiis
485 1978 549 2004 suis
565 1977 642 2013 qnod
658 1982 698 2004 est
712 1977 745 2005 de
761 1978 905 2005 comitata
924 1977 1073 2005 comitisse
1090 1987 1159 2014 pre-

193 2031 269 2058 dicte
297 2030 445 2058 invenerit
468 2034 645 2066 occupatum
670 2038 688 2057 a
716 2030 792 2065 filiis
818 2030 964 2057 comitum
989 2030 1101 2058 „ilberti
1126 2030 1159 2058 de

192 2084 332 2113 Casalodi
348 2088 372 2111 ct
391 2083 512 2117 Nerisii,
533 2083 641 2119 quibus
656 2083 709 2111 sub
727 2091 804 2119 pena
823 2083 958 2119 predicta
986 2083 1159 2120 injunxerit

192 2135 412 2172 resiynandum
423 2146 433 2170 ;
445 2140 469 2163 et
481 2135 574 2163 eidem
590 2144 679 2172 super
692 2135 743 2163 hoc
756 2144 864 2172 parere
876 2136 1109 2172 contempserim
1121 2135 1159 2163 acl

192 2198 252 2217 non
282 2188 426 2216 modicam
454 2188 607 2224 ‘injuriam
629 2188 708 2223 rcyie
729 2189 908 2225 majestatis.
935 2188 1061 2225 Propter
1080 2188 1159 2224 quod

192 2241 258 2269 sine
271 2241 334 2268 alia
346 2240 497 2275 citatione,
517 2240 549 2268 in
565 2245 676 2268 metum
692 2241 839 2275 aliorum,
851 2245 952 2277 preter
965 2249 1074 2278 penam
1087 2250 1158 2278 pre-

191 2293 306 2321 dictam
329 2293 634 2321 animailcertendum
657 2297 721 2321 erat
745 2294 776 2321 in
799 2302 854 2321 eos:
883 2294 994 2322 Tamen
1015 2298 1048 2322 ut
1063 2294 1158 2322 excel-

194 2347 286 2374 lentia
305 2351 406 2374 nostra
422 2347 522 2383 potins
538 2346 576 2374 ad
592 2347 711 2375 veniam
732 2355 823 2383 quam
842 2347 881 2374 ad
902 2347 1067 2376 vindictam
1085 2356 1159 2384 pro-

193 2399 265 2426 nior
299 2399 463 2433 videretur,
501 2399 708 2427 laboravimus
736 2409 790 2436 per
824 2400 957 2436 ipsorum
988 2409 1036 2428 am
1045 2400 1102 2428 icos
1133 2405 1159 2428 et

191 2452 445 2487 consanquineos,
480 2460 547 2479 cum,
580 2452 668 2480 citati
706 2461 762 2481 non
797 2454 1026 2490 comparuerint
1055 2461 1158 2482 coram

191 2504 288 2540 nobis,
302 2508 335 2531 ut
346 2504 410 2531 sine
427 2509 503 2531 metu
513 2513 586 2541 pene
597 2505 680 2532 nobis
695 2505 883 2542 resiynarent
897 2510 1029 2534 castrum
1045 2506 1154 2543 ipsum,

192 2562 219 2585 et
241 2557 423 2585 mandatnm
448 2561 584 2585 nostrum
605 2559 838 2595 contempserint
861 2560 891 2586 in
915 2559 970 2587 hac
990 2563 1077 2596 parte
1088 2570 1098 2594 ,·
1124 2559 1158 2588 de

194 2609 321 2638 consilio
343 2610 561 2638 venerabilium
583 2611 761 2647 principum
787 2615 960 2639 nostrorum
980 2612 1159 2648 patriarche

190 2791 214 2816 1.
238 2790 364 2824 Capoue,
384 2792 497 2824 janvien-
522 2791 599 2818 1221.
622 2807 653 2811 —
675 2792 814 2826 Theiuer,
833 2800 863 2818 n⁰
882 2794 944 2825 101;
970 2795 1006 2821 M.
1024 2794 1053 2821 G.
1071 2795 1157 2828 Lequ,

154 2841 176 2864 t.
189 2837 232 2871 11,
250 2847 275 2871 p.
293 2838 360 2865 239:
380 2838 685 2869 flatum-d-Brohottes,
704 2844 723 2866 t.
742 2840 782 2870 ΙΙ,
801 2849 828 2874 p.
848 2842 907 2869 109.
923 2855 958 2862 —
975 2842 1159 2877 L’empeceui·

154 2884 330 2911 medon-1011
346 2886 508 2911 renouvclle
525 2894 580 2912 une
598 2892 736 2913 sentence
751 2887 862 2914 odicte'c
879 2897 928 2922 par
944 2890 982 2916 tui
999 2890 1024 2916 le
1040 2889 1073 2916 25
1089 2898 1158 2924 sep-

155 2933 265 2959 tembre
277 2933 311 2958 do
326 2933 433 2958 l'annoe
452 2934 622 2967 procedente
638 2939 736 2961 contre
748 2935 790 2961 les
803 2936 970 2963 dmentem-s
985 2937 1022 2964 du
1037 2938 1157 2964 chateau

153 2980 190 3007 de
201 2980 357 3014 Gonzague
372 2984 400 3006 et
415 2981 465 3006 des
482 2981 564 3007 biens
578 2981 612 3008 de
629 2982 653 3008 la
666 2987 811 3010 comtesse
828 2983 974 3011 Mattnlde.

1274 710 1491 746 Aquileqensis,
1517 710 1723 746 cpiscoporum!
1746 709 1928 745 Tridentini,
1954 711 2163 744 Brissinensis,
2192 710 2242 739 Vi-

1275 763 1403 797 ccntini,
1432 762 1587 797 Paduani,
1612 762 1786 797 Feta-ensis,
1813 763 1990 798 Mantuani,
2021 763 2241 797 Cremonensis,

1275 815 1496 851 Berqamensis,
1520 815 1699 844 Lauclensis.
1722 816 1914 850 Parmensis,
1938 816 2070 844 „islensis
2086 820 2110 844 et
2131 815 2243 844 Tauri-

1277 868 1378 895 nensis
1401 867 1504 895 taliter
1521 871 1626 895 contra
1643 876 1688 896 eos
1707 868 1854 896 duximus
1867 869 2099 905 procedendum.
2123 868 2243 904 Confir-

1275 925 1391 948 mantes
1413 921 1513 956 primo
1536 920 1614 956 qnod
1635 921 1750 955 factum
1778 925 1818 949 est
1840 925 1943 949 contra
1967 930 2013 949 eos
2035 921 2069 949 de
2094 922 2193 949 banno
2216 924 2242 949 et

1274 982 1351 1010 pena
1368 973 1507 1009 injuncta
1522 982 1576 1009 per
1594 973 1816 1001 cancellarium
1832 978 2052 1007 memoratum,
2069 978 2094 1002 et
2110 982 2145 1002 ez·
2162 982 2243 1002 nunc

1273 1035 1417 1062 personas
1440 1027 1572 1063 ipsorum
1592 1026 1738 1062 ponimus
1758 1026 1811 1054 snb
1827 1031 1969 1063 perpetuo
1990 1027 2088 1054 banno
2108 1026 2240 1063 imperii,

1275 1083 1300 1106 ct
1322 1079 1426 1106 omnia
1448 1078 1522 1106 bona
1545 1087 1647 1106 eorum
1667 1079 1810 1115 jubemus
1834 1079 2014 1115 ubicumque
2032 1079 2151 1114 suerint
2172 1087 2245 1107 con-

1275 1131 1378 1167 fiscari
1402 1131 1467 1159 sinc
1493 1131 1598 1168 aliqua
1624 1141 1671 1168 spe
1696 1132 1885 1160 remissionis
1905 1140 1955 1160 seu
1979 1132 2194 1165 revocationis,
2218 1131 2246 1159 si

1279 1184 1429 1221 usquead
1452 1184 1529 1212 diem
1557 1184 1749 1213 dominicum
1769 1185 1911 1222 prozimo
1937 1189 2101 1213 venturu-m
2128 1184 2246 1213 dictum

1277 1241 1410 1266 castrum
1436 1245 1502 1264 cum
1529 1237 1669 1265 omnibus
1694 1237 1888 1274 pertinentiis
1913 1237 2039 1265 detentis
2064 1238 2099 1265 ab
2121 1237 2163 1265 eis
2185 1245 2246 1266 nou

1279 1290 1503 1326 resignaverint
1529 1291 1558 1317 in
1586 1298 1695 1317 manus
1717 1290 1853 1318 Alatrini
1877 1294 1902 1318 et
1922 1290 2001 1318 Rain
2016 1290 2246 1326 capellanorum

1277 1343 1396 1371 domini
1415 1352 1491 1380 pape
1518 1343 1562 1371 vel
1583 1352 1683 1371 corani
1708 1343 1837 1371 alterins
1860 1343 1904 1371 cel
1931 1343 1962 1370 in
1989 1347 2119 1377 nostras,
2146 1346 2248 1371 sancte

1276 1397 1408 1424 Romane
1437 1396 1553 1424 ecclesie
1585 1396 1816 1432 resiqnandum.
1850 1395 1932 1430 Quod
1961 1396 1987 1423 si
2017 1404 2073 1423 non
2107 1395 2242 1430 fecerint,

1276 1448 1604 1485 quicumquedebonis
1618 1449 1750 1485 ipsoram
1766 1448 1920 1476 detineant
1939 1447 1982 1476 cel
1996 1452 2105 1476 estune
2119 1455 2248 1484 occupa-

1281 1502 1392 1535 verint,
1419 1502 1482 1529 sice
1504 1510 1692 1537 quocumque
1714 1501 1775 1529 alio
1803 1500 1888 1528 modo
1910 1501 2127 1537 acquisierint,
2159 1500 2248 1528 tibere

1276 1554 1449 1591 possideant
1472 1559 1497 1582 et
1518 1555 1700 1582 auctoritate
1722 1559 1824 1582 nostra
1847 1554 2012 1582 detineant.
2035 1554 2069 1581 Et
2089 1562 2180 1590 super
2195 1553 2249 1582 hoc

1275 1608 1463 1645 precipimus
1487 1607 1744 1642 Cre›nonensilnis,
1771 1607 1995 1641 Par-mensibus,
2022 1606 2244 1643 lteqinensibus5

1277 1661 1509 1695 illutinensilnts‚
1528 1661 1775 1695 Bononiensilnts,
1791 1665 1816 1689 et
1827 1660 2011 1698 qe11e7·aliler
2022 1660 2162 1688 omnibus
2177 1659 2250 1687 aliis

1279 1713 1418 1750 fidelibus
1435 1715 1562 1749 nostris,
1588 1719 1618 1742 ut
1638 1714 1812 1742 memoratis
1830 1714 1982 1742 nobilibus
1998 1718 2024 1741 et
2040 1713 2112 1741 aliis
2128 1712 2250 1749 adjuto-

1280 1767 1373 1801 ribus,
1392 1767 1566 1802 fautoribus
1582 1771 1606 1795 et
1625 1767 1829 1795 detentoribus
1849 1766 2008 1794 memorati
2024 1766 2116 1794 castri
2132 1765 2251 1800 faciant

1283 1821 1383 1848 vivam
1407 1828 1572 1857 querram:
1595 1820 1729 1856 lirnn'ter
1753 1819 1923 1847 inhibentes
1946 1818 2139 1853 Mantuanis,
2165 1818 2250 1846 Vero-

1282 1873 1438 1907 nensibus,
1459 1872 1717 1902 Feri-iniensibus.
1738 1872 1957 1906 Bri.1·icnsibus‚
1980 1876 2005 1899 et
2022 1871 2164 1899 omnibus
2179 1869 2253 1898 aliis

1280 1925 1419 1961 fidelibus
1436 1926 1561 1959 nostris,
1588 1925 1640 1952 snb
1665 1925 1784 1952 obtentu.
1801 1924 1959 1960 fidelitatis
1977 1928 2002 1951 et
2019 1923 2117 1959 qratic
2134 1927 2246 1957 nostre,

1281 1979 1498 2007 communitati
1516 1978 1722 2014 predictarum
1745 1977 1868 2006 cuilibet
1889 1976 1942 2004 sub
1961 1985 2038 2013 pena
2058 1976 2143 2004 mille
2165 1983 2251 2003 mar-

1281 2032 1429 2065 clun·um;
1450 2031 1691 2064 marchionibus,
1712 2029 1888 2064 comitibus,
1909 2028 2086 2063 baronibus,
2106 2028 2159 2055 sub
2172 2035 2251 2064 pena

1281 2084 1482 2112 ducentarum
1501 2083 1696 2111 nutri-harum
1710 2093 1720 2117 ,·
1735 2082 1887 2110 militibus
1903 2085 2035 2114 centum,
2049 2085 2075 2108 et
2087 2080 2160 2108 aliis
2175 2080 2251 2116 inse-

1281 2137 1416 2165 rioribus
1437 2135 1680 2172 quinquaqinta,
1703 2134 1781 2171 quod
1802 2134 1843 2162 eis
1865 2134 1987 2162 nullum
2006 2137 2138 2170 prestent
2157 2132 2253 2160 auzi-

1283 2190 1375 2224 lium,
1404 2189 1584 2223 consilium,
1609 2187 1802 2224 adjutorium
1825 2187 1871 2215 vel
1893 2188 2050 2222 facorem;
2077 2190 2102 2214 et
2131 2190 2193 2213 tam
2217 2185 2251 2213 de

1282 2247 1379 2271 castro
1395 2242 1531 2279 predicto
1547 2250 1637 2278 quam
1654 2241 1688 2268 cle
1704 2240 1777 2268 aliis
1793 2239 1911 2274 castris,
1931 2239 2043 2267 scilicet
2060 2239 2251 2275 Peyuqnayo,

1281 2295 1418 2324 Boncleno
1431 2299 1457 2323 et
1470 2294 1618 2327 Bondwzo,
1639 2301 1754 2321 necnon
1770 2292 1804 2321 de
1818 2297 1875 2321 toto
1892 2293 1955 2328 ipso
1970 2291 2128 2325 comitatu,
2145 2290 2252 2327 podere

1281 2353 1306 2376 et
1338 2348 1427 2376 terris
1457 2347 1606 2375 comitisse
1633 2345 1780 2383 predicte,
1810 2345 1904 2373 dictos
1933 2344 2103 2381 capellanos
2128 2343 2254 2372 nomine

1282 2402 1412 2429 Romane
1431 2400 1548 2428 ecclesie
1571 2398 1787 2427 investivimus
1803 2402 1828 2426 et
1844 2406 1890 2426 eos
1905 2396 2122 2426 constituimus
2137 2404 2253 2433 posses-

1280 2462 1378 2488 sores:
1404 2458 1429 2481 et
1456 2452 1676 2480 mandavimus
1699 2451 1732 2479 dc
1754 2450 1863 2479 castris
1880 2449 2026 2487 predictis
2045 2457 2100 2486 per
2124 2457 2252 2477 venera-

1281 2507 1369 2535 bilem
1402 2505 1573 2542 episcopum
1608 2503 1827 2531 Taurinensem
1856 2502 2010 2530 vicarium
2044 2506 2183 2530 nostrum
2217 2500 2253 2529 in

1281 2558 1466 2595 corporalem
1486 2557 1701 2593 possessionem
1725 2554 1850 2589 induci;
1870 2554 2068 2591 precipientes
2088 2558 2149 2582 tam
2165 2553 2254 2581 mili-

1283 2612 1360 2639 tibus
1376 2615 1401 2639 et
1419 2609 1641 2638 habitatoribus
1657 2613 1827 2637 castrorum
1849 2608 1985 2644 ipsorum
2001 2615 2094 2643 quam
2111 2606 2252 2634 omnibus

1281 2664 1354 2692 aliis
1368 2663 1508 2692 vassallis
1524 2662 1557 2690 dc
1576 2662 1637 2698 ipso
1653 2661 1799 2689 comitatu
1813 2668 1864 2688 seu
1881 2660 1972 2688 terris
1984 2663 2010 2688 et
2024 2659 2145 2696 poderis
2157 2658 2254 2687 comi-

1282 2718 1350 2746 tisse
1365 2717 1493 2754 prefate,
1514 2724 1586 2752 qnos
1603 2722 1704 2742 omnes
1720 2713 1759 2741 ad
1774 2721 1896 2750 presens
1915 2712 2098 2741 absolvimus
2116 2711 2152 2740 ab
2167 2711 2254 2739 omni

1280 2771 1455 2807 juramento
1470 2776 1527 2804 quo
1541 2768 1625 2795 nobis
1638 2770 1779 2795 tenentur
1792 2766 1911 2794 ratione
1928 2769 2081 2793 terrarum
2100 2765 2252 2801 ipsarum,

1282 2822 1360 2860 quod
1382 2822 1472 2858 (lictis
1498 2820 1619 2848 nuntiis
1646 2819 1766 2847 domini
1787 2826 1863 2855 pape
1886 2818 1932 2846 vel
1955 2817 2046 2845 alteri
2071 2825 2175 2845 eorum
2200 2823 2252 2844 seu

1281 2876 1404 2905 cuilibet
1431 2874 1489 2902 alii
1512 2873 1547 2901 ab
1569 2873 1692 2901 ecclesia
1716 2871 1851 2899 Romana
1874 2870 1977 2903 misso,
2004 2869 2156 2906 abjuratis
2179 2869 2254 2897 aliis

1276 2928 1468 2966 juramentis
1492 2925 1659 2955 contrariis
1683 2925 1760 2958 istis,
1784 2927 1918 2961 prestent
1942 2922 2100 2958 fidelitatis
2128 2921 2255 2950 nomine

1282 2981 1412 3009 Romane
1445 2978 1562 3008 ecclesie
1594 2977 1819 3011 juramentum.
1854 2974 1936 3008 Quod
1964 2974 1992 3002 si
2020 2982 2081 3002 non
2113 2974 2253 3009 fecerint,
