2392 3571
659 374 710 403 LE
732 373 876 403 LIBER
899 372 1130 404 CENSUUM
1153 373 1207 403 DE
1231 368 1415 403 L‘EGLISE
1438 373 1645 404 ROMAINE.
2127 375 2182 407 561

151 438 320 466 MCCXXX
328 439 395 466 V111
408 461 414 471 ,
438 439 622 474 pontificatus
650 439 756 466 domini
787 439 919 473 Gregorii
948 447 1018 474 pape
1046 439 1112 465 noni

149 495 226 514 anno
241 487 313 519 XII,
332 487 486 514 indictione
507 487 565 519 XI,
590 495 688 513 mense
705 487 770 521 julii
791 487 835 513 die
851 486 918 513 1111.
936 487 991 513 Leo
1007 487 1042 513 de
1057 486 1112 513 Co-

150 535 267 570 lumpna
283 537 356 562 civis
372 535 521 562 Romanus
541 540 569 562 et
590 535 736 569 Rogerius
752 536 827 562 filius
851 537 930 570 ejus,
956 536 1017 570 ipso
1033 539 1112 570 patre

149 592 204 611 suo
223 589 357 619 presente
379 585 578 611 consentiente
593 588 621 610 et
640 584 695 610 hoc
715 589 806 610 ratum
821 584 955 615 habente,
971 585 1044 611 bona
1060 591 1113 610 sua

151 633 297 659 voluntate
316 641 331 658 a
347 633 474 667 presenti
493 632 698 664 vendiderunt,
715 635 866 658 cesserunt
881 632 968 658 libere
983 637 1010 658 et
1026 631 1113 658 tradi-

151 680 256 707 derunt
278 681 415 714 magistro
434 680 547 706 Matheo
563 680 597 706 de
613 679 744 714 Isperino
760 680 866 707 domini
883 689 953 715 pape
968 680 1112 715 capellano

153 729 303 764 recipienti
321 737 370 762 pro
386 729 508 754 ecclesia
521 728 649 754 Romana
666 736 750 754 omne
761 730 812 762 jus
827 733 855 754 et
870 730 1009 755 actionem
1027 732 1054 754 et
1069 737 1112 754 ra-

151 778 270 807 tionem,
286 777 389 803 realem
406 780 433 802 et
446 777 634 810 personalem,
649 776 745 803 utilem
758 781 785 803 et
799 776 946 809 directam,
959 777 1073 802 tacitam
1085 780 1112 803 et

149 833 331 859 expressam,
347 833 403 859 que
419 826 461 850 eis
475 825 519 850 vel
533 832 631 850 eorum
649 824 727 850 alteri
743 825 921 859 competebat
935 825 977 851 vel
997 833 1113 859 compe-

150 877 210 900 tere
228 877 335 907 posset,
352 881 386 898 ex
407 873 594 899 successione
611 873 653 898 vel
669 881 703 898 ex
719 877 890 899 testamento
906 881 956 899 seu
973 881 1112 907 quocum-

149 930 206 956 que
222 922 276 947 alio
290 923 356 956 jure
373 922 400 947 in
417 921 648 956 quibuscumque
664 921 899 955 possessionibus
915 925 942 947 et
958 922 1043 947 rebus
1055 930 1113 947 mo-

150 970 258 996 bilibus
288 974 317 996 et.
350 970 542 996 immobilibus
576 969 677 1004 positis
707 970 784 995 intus
814 974 841 996 et
875 974 954 996 extra
987 975 1112 996 castrum

151 1018 291 1045 Fumonis
303 1019 446 1045 territorio
462 1019 564 1053 ipsius,
580 1027 629 1052 per
640 1018 822 1052 Adegiptiam
839 1018 981 1052 quondam
995 1026 1112 1044 uxorem

149 1067 244 1102 ipsius
261 1067 375 1101 Leonis,
397 1071 514 1093 matrem
532 1067 651 1101 Rogerii
668 1067 799 1101 predicti,
817 1075 867 1101 pro
884 1068 974 1101 pretio
990 1067 1114 1101 quadra-

150 1116 231 1150 ginta
246 1117 381 1142 librarum
400 1115 581 1141 denariorum
598 1119 733 1148 senatus,
755 1115 829 1149 quod
852 1115 978 1141 confessi
999 1115 1115 1141 fuerunt

151 1173 184 1191 se
199 1174 215 1190 a
231 1173 342 1191 camera
356 1165 463 1190 domini
479 1173 550 1198 pape
566 1165 720 1198 recepisse,
738 1165 933 1190 renuntiantes
947 1173 999 1190 non
1014 1173 1114 1190 nume-

150 1218 212 1240 rate
227 1218 253 1240 et
272 1222 323 1239 non
342 1214 436 1239 solute
457 1213 577 1248 pecunie
596 1213 756 1247 exceptioni
777 1217 804 1239 et
825 1213 986 1247 exceptioni
1007 1213 1063 1239 doli
1086 1217 1114 1239 et

151 1262 180 1289 in
197 1262 301 1288 factum
319 1263 453 1296 omnique
474 1262 519 1288 alii
535 1262 594 1296 juri
615 1261 671 1288 sibi
694 1270 781 1295 super
804 1262 858 1287 hoc
878 1262 1062 1296 competenti.
1078 1261 1115 1288 Et

149 1311 287 1345 quicquid
304 1311 470 1345 dictumjus
486 1319 584 1337 eorum
602 1310 665 1345 plus
682 1311 791 1336 valebat
806 1310 880 1336 inter
893 1310 973 1337 vivos
988 1310 1113 1336 donave-

150 1363 219 1386 runt
234 1359 335 1386 eidem.
355 1358 389 1385 Et
406 1361 601 1394 promiserunt
618 1368 667 1394 per
678 1359 891 1393 stipulationem
905 1364 932 1386 et
946 1359 1115 1386 asserebant

149 1409 226 1443 quod
248 1409 406 1443 predictum
421 1410 471 1443 jus
494 1417 578 1435 snum
602 1409 761 1444 superbiis
782 1409 850 1435 nulli
870 1408 1045 1435 donaverant
1061 1417 1114 1435 nec

151 1458 340 1484 vendiderant
356 1467 407 1484 nec
423 1459 625 1485 alienaverant.
642 1457 676 1484 Et
698 1458 892 1493 promiserunt
907 1466 957 1492 per
971 1466 1003 1484 se
1018 1462 1046 1484 et
1062 1458 1114 1484 he-

150 1506 234 1534 redes
250 1511 278 1533 ct.
293 1515 479 1533 successores
501 1508 528 1533 in
549 1510 718 1541 perpetuum
739 1507 791 1532 hec
806 1507 899 1532 omnia
916 1511 975 1533 rata
990 1511 1018 1533 et
1033 1507 1112 1533 firma

149 1563 265 1590 semper
289 1555 394 1581 habere
415 1559 443 1581 et
467 1559 565 1581 contra
585 1563 640 1581 non
662 1555 760 1581 venire
781 1555 873 1590 aliqua
897 1556 1047 1582 occasione
1069 1556 1113 1581 vel

149 1604 250 1635 modo,
271 1604 358 1630 immo
375 1605 425 1638 jus
449 1604 606 1639 predictum
627 1604 749 1630 ecclesie
775 1603 902 1630 Romane
917 1605 951 1630 ab
968 1605 1043 1630 omni
1060 1604 1113 1630 ho-

150 1653 228 1678 mine
244 1653 369 1686 legitime
392 1652 554 1679 defendere.
577 1652 608 1678 Si
632 1661 698 1678 vero
719 1652 845 1687 predicta
865 1653 960 1679 onmia
975 1661 1070 1687 perse
1086 1656 1114 1679 et

151 1701 274 1727 heredes
290 1709 360 1727 suos
375 1710 408 1727 ac
424 1709 611 1727 successores
628 1701 745 1727 firmiter
766 1705 794 1727 et
814 1702 953 1727 veraciter
974 1710 1028 1727 non
1050 1702 1112 1728 fue-

150 1749 208 1776 rint
232 1750 398 1780 observata‚
426 1750 624 1784 obligaverunt
649 1758 761 1776 camere
790 1750 897 1776 domini
922 1758 993 1785 pape
1018 1751 1112 1776 omnia

150 1799 224 1825 bona
238 1806 301 1831 sua,
318 1798 432 1825 mobilia
446 1803 474 1824 et
486 1798 651 1829 immobilia,
667 1798 723 1825 sibi
741 1799 942 1833 undecumque
957 1799 1111 1825 advenien-

148 1849 203 1880 tia,
221 1852 249 1874 et
269 1856 302 1874 ea
322 1855 353 1873 se
374 1856 423 1882 per
443 1856 585 1874 cameram
609 1847 715 1874 domini
733 1856 803 1882 pape
820 1848 947 1882 precario
964 1848 1112 1883 possidere

149 1898 376 1930 constituerunt,
397 1897 435 1922 ita
455 1897 569 1931 quidem
587 1901 617 1923 ut
639 1896 812 1931 cuicumque
827 1897 983 1923 camerario
999 1897 1046 1931 qui
1063 1906 1113 1932 per

148 1949 276 1980 tempora
299 1945 385 1972 fuerit
408 1946 490 1972 liceat
515 1946 589 1972 bona
611 1954 710 1972 eorum
733 1946 907 1980 ubicumque
924 1955 956 1972 ea
972 1946 1113 1973 invenerit

148 1996 213 2022 sine
237 1995 457 2029 proclamatione
479 1995 520 2020 vel
543 1995 769 2021 contradictione
790 2003 841 2021 seu
859 1996 1044 2029 requisitione
1059 2004 1112 2022 sua

149 2044 231 2071 curie
253 2044 297 2069 vel
318 2043 436 2070 alterius
458 2045 587 2078 accipere
609 2047 637 2070 et
653 2047 760 2077 tenere,
782 2048 854 2070 etse
874 2049 902 2070 et
923 2052 1062 2070 cameram
1085 2049 1113 2071 et

149 2092 301 2119 ecclesiam
325 2092 467 2127 predictas
488 2093 591 2118 exinde
614 2101 728 2118 servare
751 2092 929 2128 indempnes.
954 2092 1048 2127 Hujus
1071 2094 1112 2119 rei

146 2141 187 2168 hii
203 2141 294 2175 rogati
311 2141 427 2167 fuerunt
443 2144 534 2167 testes
550 2151 556 2167 :
573 2141 708 2167 dominus
726 2140 857 2168 Cinthius
872 2140 1002 2168 Ciminns
1017 2145 1045 2168 et
1060 2141 1112 2167 do-

146 2189 244 2216 minus
260 2188 392 2216 Cinthius
415 2189 450 2215 de
474 2189 578 2215 Sancto
593 2189 764 2223 Eustachio‚
786 2189 893 2216 domini
909 2198 980 2224 pape
996 2190 1111 2216 subdia-

147 2238 213 2265 coni
229 2242 256 2264 et
277 2239 434 2273 capellani;
452 2237 602 2272 Philippus
618 2239 797 2273 scriniarius,
812 2239 926 2265 Tadeus
941 2243 969 2265 et
985 2239 1109 2273 Miletus,

147 2286 302 2313 Iamiliares
317 2287 425 2313 domini
441 2295 522 2321 pape.

183 2335 220 2361 Et
241 2344 294 2370 ego
315 2335 452 2362 Nicolaus
475 2335 661 2367 Ferentinus,
687 2340 785 2362 sancte
801 2335 930 2362 Romane
946 2335 1068 2362 ecclesie
1085 2339 1112 2362 et

148 2391 263 2410 camere
279 2384 384 2410 domini
401 2392 474 2419 pape
489 2384 669 2418 scriniarius,
685 2384 743 2411 hiis
757 2384 872 2410 interfui
887 2388 915 2410 et
931 2387 1047 2418 rogatus
1058 2384 1111 2410 hec

146 2432 176 2459 in
193 2432 337 2467 publicam
353 2432 473 2459 formam
487 2432 590 2467 scripsi
606 2436 634 2459 et
650 2433 766 2467 signum
780 2433 844 2459 feci.

111 2572 302 2608 [CCXCVIII.
315 2573 404 2599 -Ds
421 2582 634 2600 eumenem-iona
646 2573 759 2600 Anoisis
779 2581 848 2600 rima
869 2572 972 2600 Onoxis
992 2582 1024 2599 οε
1043 2572 1110 2599 Om-

143 2630 216 2649 nfflo
228 2624 248 2648 ¹.

179 2725 199 2758 †
213 2723 247 2750 In
273 2723 389 2750 nomine
413 2723 522 2750 domini
540 2723 628 2749 nostri
643 2722 716 2749 «Iesu
737 2722 854 2750 Christi.
878 2723 963 2749 Anno
979 2723 1110 2758 ejusdem

109 2869 259 2903 chapelain
276 2868 311 2895 de
327 2868 466 2902 Gregoire
481 2867 541 2901 lx,
557 2869 572 2894 a
588 2871 655 2894 tous
670 2867 711 2894 les
726 2867 817 2894 droits
832 2867 918 2902 qu'ils
933 2868 1045 2894 avaient
1060 2876 1112 2894 sur

109 2915 204 2943 Castel
220 2916 359 2949 Fumone,
376 2917 413 2942 du
430 2917 498 2942 chef
514 2916 712 2950 d’Adegiptia,
728 2916 833 2942 semme
847 2915 881 2941 de
896 2916 973 2942 Leon
989 2920 1018 2943 et
1033 2917 1110 2943 mere

109 2965 148 2992 de
162 2965 270 3000 Roger.
285 2979 320 2986 —
340 2965 516 2992 Attestation
534 2965 569 2990 de
586 2965 678 2990 meme
694 2964 784 2990 forme
800 2973 855 2999 que
870 2964 895 2990 le
909 2971 940 2990 nt·
956 2964 1110 2993 CCXCIV.

147 3014 172 3041 1.
189 3014 292 3046 Romo,
309 3014 338 3040 31
358 3014 412 3040 mai
432 3013 507 3040 1239.
527 3027 563 3033 —-
575 3013 720 3039 Certificat
739 3012 975 3048 d’emancipation
991 3013 1112 3040 accorde

249 3075 336 3102 Lmen
354 3074 499 3102 Canauna.
516 3087 553 3094 -
569 3073 593 3101 I.

1229 438 1502 471 MCCXXXVHII,
1525 441 1707 474 pontificatus
1735 441 1841 468 domini
1867 441 1998 475 Gregorii
2026 451 2096 477 pape
2118 443 2185 469 noni

1228 494 1302 513 anno
1318 486 1401 519 XIII,
1418 487 1572 514 indictione
1591 488 1657 519 xii,
1671 497 1768 515 mense
1780 490 1844 516 maii
1857 489 1903 515 die
1917 491 2024 516 ultimo.
2044 490 2186 518 Dominus

1229 533 1290 561 Odo
1306 534 1340 560 de
1353 534 1474 561 Olibano
1492 536 1564 562 bona
1580 545 1631 563 sua
1648 538 1791 564 voluntate
1814 543 1841 564 et
1861 538 1947 564 libero
1970 539 2084 565 arbitrio
2107 543 2187 566 acto-

1228 583 1309 609 ritate
1321 583 1474 616 judiciaria
1491 583 1609 610 Romani
1633 585 1667 611 de
1689 585 1829 612 Bai-uncio
1847 586 1955 620 judicis
1974 588 2046 614 civis
2063 587 2183 614 Romani

1230 631 1383 665 prestantis
1398 632 1608 662 anctoritatem,
1627 633 1654 659 in
1672 634 1814 667 presentia
1832 635 1885 660 mei
1907 634 2014 661 Nicolai
2031 636 2182 670 scriniarii,

1229 678 1371 704 dominam
1386 680 1521 714 Aioysam
1534 681 1617 707 liliam
1635 690 1714 707 suam
1727 691 1843 708 uxorem
1858 683 1963 710 domini
1982 683 2112 710 Riccardi
2132 684 2183 710 Pe-

1228 727 1263 753 tri
1280 727 1313 752 de
1327 726 1464 761 Jaquinto
1485 729 1586 755 nobilis
1602 730 1673 756 civis
1691 730 1809 756 Romani
1826 732 1981 762 volentem,
2000 737 2140 766 petentem
2157 737 2185 760 et

1229 776 1469 807 consentientem,
1491 778 1679 811 emancipavit
1700 787 1731 804 ac
1748 780 1875 805 liberarit
1893 789 1908 805 a
1929 781 2016 814 patria
2033 785 2182 814 potestate,

1229 823 1300 849 dans
1316 824 1342 849 ei
1358 824 1472 850 liberam
1492 829 1520 850 et
1543 826 1693 858 plenariam
1719 832 1886 861 potestatem
1903 829 2096 859 contrahendi,
2112 830 2183 855 alie-

1231 872 1324 903 nandi,
1342 872 1493 904 vendendi,
1511 874 1636 904 emendi,
1653 874 1792 907 donandi,
1811 879 1835 901 in
1853 877 1975 902 solutum
1991 877 2090 910 dandi,
2107 879 2181 903 reci—

1231 920 1334 954 piendi,
1363 921 1552 954 transigendi,
1579 923 1757 955 paciscendi,
1783 930 1980 958 procuratores
2005 926 2182 958 instituendi,

1231 972 1402 994 testamenta
1419 970 1558 995 condendi
1576 974 1602 995 et
1616 971 1708 996 omnia
1724 977 1750 997 et
1766 973 1878 1005 singula
1894 973 2011 999 faciendi
2027 983 2082 1008 que
2098 975 2184 1008 quili-

1231 1016 1277 1042 bet
1298 1017 1498 1051 paterfamilias
1522 1022 1549 1043 et
1569 1027 1636 1044 sane
1660 1020 1762 1045 inentis
1786 1021 1878 1046 taetre
1903 1026 2005 1055 potest.
2022 1022 2056 1048 Et
2074 1023 2099 1048 in
2121 1032 2184 1055 pre-

1231 1065 1318 1091 mium
1335 1066 1571 1100 emancipationis
1586 1072 1614 1093 et
1634 1077 1682 1102 pru
1705 1069 1769 1094 dote
1789 1073 1816 1094 et
1838 1069 1910 1095 inter
1926 1071 2005 1095 vivos
2021 1079 2053 1097 ac
2070 1080 2117 1104 pro
2134 1072 2186 1098 sal·

1230 1114 1302 1140 cidia
1325 1118 1354 1140 et
1377 1123 1425 1148 pro
1445 1115 1520 1141 omni
1541 1117 1605 1149 jure
1627 1124 1683 1149 quo
1707 1117 1772 1141 dare
1786 1117 1868 1142 debet
1889 1122 1916 1143 et
1938 1123 2038 1152 potest,
2061 1120 2137 1145 dedit
2157 1125 2185 1147 et

1230 1162 1363 1192 donavit,
1389 1168 1476 1189 cessit
1498 1168 1526 1189 et
1548 1164 1724 1190 investiendo
1748 1165 1859 1191 tradidit
1880 1167 1932 1200 ipsi
1950 1167 2003 1192 filie
2026 1176 2077 1193 sue
2093 1172 2182 1194 totum

1230 1211 1346 1237 feudum
1363 1211 1438 1245 quod
1459 1212 1572 1237 tenebat
1589 1221 1603 1237 a
1619 1212 1733 1238 domino
1751 1221 1820 1247 papa
1836 1218 1863 1238 et
1878 1215 1998 1240 ecclesia
2016 1215 2142 1241 Romana
2157 1217 2184 1242 in

1231 1259 1324 1285 roccis
1346 1264 1373 1285 et
1395 1260 1497 1285 castris
1522 1259 1627 1286 Paliani
1651 1266 1677 1286 et
1699 1260 1831 1287 Serronis
1850 1268 1877 1288 et
1893 1263 2040 1289 territoriis
2057 1268 2084 1289 et
2101 1265 2187 1297 perti-

1231 1307 1337 1333 nentiis
1353 1309 1517 1334 eorumdem
1532 1309 1559 1334 in
1574 1308 1716 1340 domibus,
1730 1310 1871 1340 casalinis,
1885 1312 1977 1342 terris,
1991 1313 2091 1342 vineis,
2104 1314 2186 1344 ortis,

1230 1357 1359 1387 collibus,
1374 1357 1529 1388 montibus,
1543 1357 1677 1391 planitiis,
1692 1359 1788 1392 pratis,
1801 1360 1926 1392 pascuis,
1941 1360 2031 1391 silvis,
2048 1360 2186 1392 sontibus,

1231 1405 1373 1436 vassallis,
1391 1406 1561 1432 molendinis
1580 1409 1607 1431 et
1622 1407 1714 1440 aquis,
1731 1406 1892 1440 specialiter
1908 1412 1935 1433 et
1950 1409 2138 1434 communiter
2157 1409 2185 1435 in

1232 1454 1486 1480 communitatibus
1499 1454 1642 1480 universis
1653 1455 1817 1480 eorumdem
1828 1459 1996 1486 castrorum,
2009 1457 2083 1482 sicut
2093 1457 2118 1482 ei
2136 1465 2186 1491 pro

1230 1501 1322 1527 diviso
1338 1502 1380 1527 vel
1398 1502 1520 1527 indiviso
1537 1502 1739 1536 conpetebant,
1757 1511 1821 1528 cuin
1837 1504 2004 1529 accessibus
2020 1509 2046 1530 et
2061 1506 2187 1538 egressi-

1231 1550 1284 1576 bus
1309 1551 1372 1576 suis
1398 1550 1588 1584 omnibusque
1614 1551 1676 1577 suis
1702 1551 1871 1577 utilitatibus
1896 1556 1923 1578 et
1946 1554 2134 1587 pertinentiis,
2159 1559 2187 1580 et

1230 1607 1314 1625 omne
1333 1601 1384 1633 jus
1405 1603 1433 1625 et
1454 1601 1594 1625 actionem
1619 1604 1647 1625 ct
1662 1600 1811 1631 rationem,
1830 1601 1931 1627 realem
1952 1606 1980 1627 et
1997 1602 2185 1636 personalem,

1232 1649 1328 1675 utilem
1342 1653 1369 1674 et
1383 1648 1529 1679 directam,
1547 1649 1659 1675 tacitam
1677 1649 1718 1674 vel
1734 1657 1899 1683 expressam
1916 1650 1990 1683 quod
2007 1654 2034 1676 et
2049 1658 2119 1684 quas
2136 1651 2183 1676 ha-

1232 1697 1316 1724 bebat
1336 1699 1364 1724 in
1385 1697 1470 1724 dictis
1495 1697 1577 1724 bonis
1593 1702 1620 1723 et
1637 1698 1722 1723 rebus
1739 1699 1863 1732 ipsorum
1880 1703 2048 1730 castrorum,
2065 1703 2185 1734 excepto

1229 1746 1303 1780 quod
1328 1746 1449 1771 habebat
1471 1750 1499 1772 et
1523 1746 1636 1772 tenebat
1660 1746 1729 1772 ultra
1751 1747 1888 1772 fossatum
1907 1747 1940 1772 de
1956 1746 2075 1772 Centum
2096 1748 2186 1780 guttis

1230 1803 1295 1821 cum
1311 1794 1433 1829 quodam
1449 1798 1645 1820 accasamento
1671 1794 1761 1828 posito
1785 1796 1855 1820 ultra
1873 1795 2028 1829 predictum
2047 1796 2183 1821 fossatum

1229 1852 1263 1869 ex
1281 1848 1359 1878 parte
1374 1843 1460 1869 castri
1480 1843 1602 1869 Olibani.
1620 1842 1680 1869 Hec
1695 1848 1788 1869 autem
1810 1844 1904 1868 omnia
1922 1848 1950 1869 et
1964 1844 2075 1877 singula
2093 1853 2141 1878 per
2154 1852 2186 1870 se

1229 1896 1257 1917 et
1279 1891 1399 1917 heredes
1424 1896 1451 1917 et
1477 1899 1663 1917 successores
1686 1899 1756 1917 suos
1780 1891 1806 1916 in
1834 1897 2000 1925 perpetuum
2023 1900 2053 1917 sc
2079 1897 2135 1917 rata
2158 1897 2186 1918 et

1228 1940 1308 1966 firma
1325 1940 1427 1966 babere
1448 1944 1475 1965 et
1495 1944 1592 1965 contra
1615 1948 1668 1965 non
1686 1941 1782 1965 venire
1804 1941 1895 1974 aliqua
1915 1942 2064 1966 occasione
2081 1950 2186 1975 excep-

1229 1989 1306 2015 tione
1329 1989 1373 2014 vel
1397 1989 1479 2014 modo
1502 1997 1552 2023 per
1573 1988 1727 2022 legitimam
1751 1989 1961 2022 stipulationem
1984 1990 2037 2022 ipsi
2057 1990 2112 2014 filie
2135 1998 2186 2015 sue

1229 2037 1377 2072 promisit;
1397 2045 1531 2063 asserens
1546 2041 1573 2062 et
1588 2037 1758 2071 promittens
1773 2037 1848 2070 quod
1872 2037 1944 2062 bona
1959 2038 2021 2071 ipsa
2037 2038 2103 2064 nulli
2119 2043 2187 2064 sunt

1228 2087 1330 2113 donata
1347 2094 1399 2112 nec
1414 2086 1528 2112 vendita
1549 2094 1600 2112 nec
1621 2086 1740 2111 alienata
1761 2093 1812 2112 nec
1835 2086 1969 2112 distracta
1986 2093 2037 2111 nec
2058 2086 2085 2111 in
2109 2092 2186 2120 parte

1229 2144 1280 2162 nec
1297 2137 1323 2161 in
1340 2139 1410 2162 toto.
1427 2134 1513 2160 Dedit
1528 2142 1640 2168 quoque
1663 2134 1689 2160 ei
1709 2134 1825 2160 liberam
1842 2139 1869 2160 et
1886 2135 2037 2168 plenariam
2060 2139 2187 2168 potesta-

1229 2188 1286 2210 tem
1316 2185 1387 2210 bona
1415 2184 1477 2218 ipsa
1507 2183 1631 2209 intrandi
1653 2188 1680 2209 et
1703 2182 1869 2217 possidendi
1893 2191 1944 2209 sua
1967 2184 2113 2209 actoritate
2143 2184 2186 2208 vel

1228 2242 1278 2267 per
1294 2238 1507 2267 procuratorem
1529 2240 1580 2258 seu
1603 2233 1732 2258 nuntium
1754 2239 1839 2265 quem
1857 2232 1991 2263 volut-rit,
2009 2237 2035 2257 et
2051 2231 2185 2265 quicquid

1228 2281 1283 2308 sibi
1298 2282 1416 2314 suisque
1432 2280 1585 2306 heredibus
1601 2284 1629 2306 et
1644 2280 1863 2306 successoribus
1878 2288 1911 2304 ex
1923 2281 1965 2305 eis
1977 2279 2003 2304 in
2018 2284 2187 2313 perpetuum

1228 2331 1368 2365 placuerit
1389 2329 1526 2362 faciendi,
1544 2328 1744 2355 constituendo
1760 2336 1790 2354 se
1808 2329 1879 2353 bona
1899 2329 1960 2362 ipsa
1981 2336 2030 2362 per
2045 2336 2106 2354 eam
2123 2336 2188 2362 pre-

1228 2379 1304 2405 cario
1327 2380 1484 2413 possidere,
1509 2378 1600 2404 donec
1623 2386 1657 2404 ex
1682 2377 1723 2403 eis
1746 2378 1958 2412 possessionem
1981 2378 2124 2411 acceperit
2143 2377 2186 2403 vel

1227 2429 1290 2462 capi
1305 2428 1404 2453 fecerit
1428 2428 1614 2461 corporalem.
1637 2426 1666 2452 Si
1685 2434 1754 2452 vero
1775 2426 1826 2451 hec
1849 2426 1943 2451 omnia
1960 2434 2008 2459 per
2027 2434 2058 2452 se
2074 2431 2102 2451 et
2117 2434 2187 2452 suos

1227 2477 1348 2503 heredes
1375 2485 1428 2502 non
1453 2476 1647 2502 observaverit
1667 2475 1709 2501 vel
1730 2475 1822 2508 aliqua
1843 2474 1993 2500 occasione
2018 2475 2061 2500 vel
2083 2483 2187 2509 excep-

1227 2527 1304 2552 tione
1319 2525 1527 2560 presumpserit
1541 2525 1738 2550 contravenire
1754 2528 1803 2549 aut
1817 2524 1841 2549 si
1859 2524 1932 2549 bona
1949 2524 2010 2558 ipsa
2026 2532 2076 2558 per
2090 2525 2186 2558 ipsum

1227 2576 1320 2609 aliquo
1337 2580 1464 2608 tempore
1479 2574 1598 2599 alienata
1613 2574 1796 2608 apparuerint
1816 2573 1858 2598 vel
1875 2572 2009 2598 distracta
2020 2594 2026 2605 ‚
2050 2573 2187 2606 obligavit

1226 2633 1258 2651 se
1272 2630 1300 2650 et
1315 2631 1384 2649 suos
1407 2623 1527 2648 heredes
1548 2626 1575 2648 et
1595 2629 1781 2648 successores
1801 2621 1854 2655 ipsi
1870 2621 1926 2646 filie
1941 2629 1994 2647 sue
2010 2622 2185 2655 emancipate

1227 2672 1352 2706 legitime
1364 2671 1512 2705 stipulanti
1528 2675 1555 2696 et
1571 2670 1633 2696 suis
1649 2670 1804 2696 heredibus
1819 2673 1846 2695 et
1861 2669 2080 2695 successoribus
2095 2674 2123 2694 et
2139 2669 2186 2695 cui

1227 2729 1260 2747 ea
1274 2719 1429 2746 concedere
1446 2719 1488 2745 vel
1504 2719 1618 2753 elargiri
1635 2718 1755 2744 voluerit
1770 2718 1797 2743 in
1816 2726 1916 2752 penam
1932 2718 2053 2744 duorum
2075 2718 2183 2743 milium

1226 2769 1362 2795 librarum
1377 2767 1556 2793 denariorum
1573 2771 1692 2793 senatus
1707 2770 1735 2792 et
1750 2767 1841 2800 ipsam
1864 2769 1892 2792 et
1914 2774 2123 2799 quemcumque
2139 2765 2185 2792 cui

1192 2922 1241 2948 par
1256 2913 1337 2940 Odon
1358 2912 1392 2938 de
1413 2911 1532 2938 Olivano
1551 2913 1567 2937 a
1590 2919 1621 2937 sa
1641 2910 1697 2937 fille
1712 2911 1822 2944 AloIse,
1839 2911 1942 2936 femme
1957 2910 1993 2936 de
2010 2909 2134 2936 Richard
2150 2910 2186 2936 de

1190 2961 1341 2997 Jaquiuto,
1358 2968 1428 2987 avec
1443 2960 1556 2986 cession
1579 2961 1594 2986 a
1616 2963 1691 2986 cette
1711 2960 1792 2985 dame
1814 2959 1851 2985 du
1869 2959 1918 2985 fies
1929 2967 1986 2993 que
2008 2958 2034 2984 le
2049 2959 2186 2993 seigneur

1192 3010 1339 3037 d'Olivano
1356 3008 1444 3036 tenait
1459 3008 1496 3035 du
1514 3007 1700 3042 Saint-Siege
1715 3009 1731 3034 a
1748 3007 1863 3033 Paliano
1879 3010 1907 3033 et
1922 3008 1937 3032 a
1953 3007 2086 3034 Sei-rone.

2014 3068 2046 3094 71
