2392 3571
156 333 215 362 494

198 397 385 434 supradicta,
407 396 490 423 salvo
506 403 560 432 per
575 394 680 422 omnia
700 393 794 421 eidem
814 393 942 421 mulieri
964 397 989 420 et
1007 392 1165 420 heredibus

198 451 264 478 suis
281 453 422 486 perpetuo
439 447 517 484 quod
532 447 694 474 unicersas
708 446 903 483 possessiones
918 450 943 473 et
959 445 1035 473 bona
1055 445 1165 473 immo-

197 503 272 530 bilia
293 506 377 529 extra
398 500 584 528 munitiones
601 499 807 536 predictorum
833 502 1002 526 castrorum
1024 499 1122 535 posita
1140 502 1165 526 et

197 554 336 583 ‘redditus
355 552 554 582 vassallorum
578 560 706 579 suorum
729 560 801 588 quos
818 556 843 579 et
864 560 920 587 que
937 551 1031 587 huJ'us
1045 551 1165 579 aliena-

201 607 293 635 tionis
312 610 440 642 tempore
459 606 488 633 in
507 605 616 633 castris
636 604 782 632 habuerat
800 604 976 632 memoratis
989 604 1024 632 ab
1039 605 1100 641 ipso
1113 603 1166 631 do-

198 659 284 687 mino
297 668 376 695 papa
394 663 419 686 et
440 659 573 686 Romana
592 655 737 695 [ecclesia]
757 657 789 685 in
807 657 932 692 feudum
957 657 990 685 de
1011 661 1105 686 cetero
1125 662 1166 685 te-

197 716 302 745 neant,
320 716 346 739 et
362 710 469 739 erinde
485 710 604 738 domini
618 718 695 746 pape
716 714 741 737 el
757 710 888 738 Romane
904 710 1020 738 ecclesie
1040 710 1167 738 vassalli

199 764 262 792 sint
280 767 422 800 perpetuo
440 767 465 790 et
480 762 591 799 fideles,
609 766 635 790 et
651 762 745 790 eidem
766 762 888 790 domino
903 770 980 798 pape
994 766 1020 790 et
1037 763 1166 791 Romane

198 816 317 845 ecclesie
339 820 461 852 propter
485 815 537 842 hoc
561 819 694 851 prestent
717 815 894 851 homayium
915 815 1083 852 personale.
1110 815 1166 843 Pro

199 869 255 897 hac
270 873 370 896 autem
391 868 563 896 venditione
579 876 630 896 seuv
646 868 832 896 alienatione
849 873 874 896 ct
891 868 1056 896 traditione
1072 869 1167 905 conli-

202 926 263 950 teor
279 930 324 949 me
342 921 464 949 nomine
477 920 609 958 predicte
625 921 723 958 neptis
741 930 800 949 mee
816 926 842 949 et
858 922 896 949 (ul
914 930 987 958 opus
1003 926 1028 949 et
1044 922 1167 950 *utilita-

201 979 256 1003 tem
277 975 373 1011 ipsius
397 975 426 1001 in
447 975 599 1010 presentia
623 974 787 1002 scriniarii
809 979 834 1002 et
854 975 1091 1011 subscriptorum
1112 980 1167 1003 tes-

202 1027 279 1055 tium
308 1026 447 1063 recepisse
473 1030 498 1054 et
524 1026 663 1054 imbuisse
687 1035 705 1054 a
728 1026 851 1054 domino
874 1027 1028 1055 Beneiiieto
1049 1028 1168 1056 tloniini

196 1088 274 1117 pape
291 1080 461 1107 camerario
478 1079 600 1107 nomine
615 1079 710 1115 ipsius
726 1079 844 1107 domini
860 1088 935 1116 pape
952 1084 977 1108 et
991 1080 1106 1108 ecclesie
1118 1081 1167 1108 llo-

200 1141 292 1161 ‘mane
307 1133 447 1167 solvente,
468 1136 588 1160 centum
601 1132 794 1168 et.se.1;u9inta
809 1133 901 1160 littras
916 1133 1060 1161 bonorum
1078 1133 1167 1161 dena-

202 1187 321 1214 riorum
346 1190 482 1219 senatus,
510 1185 543 1212 tle
563 1185 672 1221 quibus
697 1194 740 1213 me
760 1186 880 1213 nomine
903 1186 978 1213 (liele
995 1187 1092 1223 neptis
1110 1195 1169 1214 mee

202 1239 273 1267 bene
288 1247 356 1267 voco
373 1239 519 1275 quietum,
540 1238 707 1274 exceptioni
729 1246 786 1266 non
805 1243 962 1266 numerate
977 1239 1102 1275 pecunie
1122 1248 1168 1267 re-

204 1291 398 1325 nuntiando,·
419 1295 443 1318 et
459 1291 485 1318 si
503 1290 636 1327 predicta
654 1291 728 1318 bona
744 1291 814 1327 plus
830 1292 937 1325 calent,
957 1296 1049 1319 totum
1068 1301 1084 1318 a
1098 1300 1168 1327 prc-

200 1344 279 1372 senti
297 1344 419 1371 nomine
433 1343 510 1371 dicte
522 1343 618 1379 neptis
634 1352 691 1369 mee
705 1343 762 1379 ipsi
774 1343 897 1371 domino
912 1352 986 1380 pape
1000 1348 1025 1371 et
1038 1345 1169 1380 Romane

201 1397 319 1425 ecclesie
330 1396 407 1424 dono
419 1400 507 1432 atque
517 1395 640 1424 concedo
659 1396 690 1422 in
705 1400 894 1432 [arpentum.
915 1396 970 1423 t'ro
985 1405 1023 1432 qu
1031 1397 1095 1424 ibus
1108 1405 1167 1425 om-

202 1450 293 1477 nibus
307 1449 440 1485 firmiter
458 1453 482 1476 et
498 1448 628 1484 fideliter
646 1449 864 1485 obsercanfflis]
886 1450 989 1477 onznia
1006 1450 1080 1477 bona
1104 1460 1167 1478 mea

203 1507 229 1531 et
243 1502 374 1539 predicte
392 1502 487 1538 neptis
506 1511 564 1529 mee
582 1502 704 1529 mobilia
723 1506 749 1529 el
771 1502 955 1531 immobilia.
974 1504 1127 1539 presentia
1143 1507 1168 1531 et

199 1556 321 1591 fittura,
341 1554 433 1582 eidem
457 1553 578 1581 domino
595 1562 669 1590 pape
691 1558 716 1581 et
734 1554 863 1581 Romane
879 1555 996 1582 ecclesie
1016 1555 1121 1591 obliyo,
1143 1560 1167 1583 et

200 1607 301 1635 eadem
322 1607 357 1634 ab
373 1607 415 1634 eis
428 1611 551 1642 propter
566 1606 618 1634 hoe
641 1606 812 1642 specialiter
824 1608 964 1642 precario
985 1608 1107 1636 nomine
1124 1618 1169 1636 me

201 1664 228 1688 et
257 1659 368 1687 dietam
403 1663 516 1695 neptem
549 1667 642 1686 meam
675 1659 824 1687 constituo
854 1660 1015 1695 possidere.
1045 1661 1168 1689 Renun-

202 1713 308 1741 tiando
327 1713 358 1740 in
379 1712 441 1740 hiis
459 1712 599 1740 omnibus
619 1712 741 1739 nomine
764 1721 826 1740 meo
849 1717 873 1739 et
895 1713 970 1741 dicte
993 1715 1090 1750 neptis
1108 1723 1170 1743 mee

202 1767 288 1794 omni
304 1765 391 1802 juris
410 1765 531 1792 auxilio
554 1765 694 1792 canonici
716 1769 740 1792 et
766 1766 878 1798 civilis,
906 1767 1121 1795 consuetudini
1136 1777 1171 1796 ac

201 1823 314 1847 statuto
337 1818 366 1845 in
391 1822 496 1852 totum,
515 1822 540 1845 et
562 1817 647 1845 omni
667 1818 783 1845 actioni
805 1819 973 1854 acceptioni
995 1828 1029 1847 ac
1051 1821 1094 1848 rei
1115 1830 1171 1857 que

202 1875 319 1909 possent
347 1870 422 1898 obici
450 1874 555 1898 eontra
589 1870 829 1898 instrumentum
864 1872 906 1899 cel
930 1873 1058 1907 factum.
1086 1874 1170 1903 IIanc

201 1929 302 1953 autem
324 1923 524 1951 venditionem
543 1932 592 1950 seu
615 1923 831 1951 alienationem
857 1929 881 1951 et
902 1926 1096 1954 traditionem
1117 1937 1170 1955 no-

203 1978 287 2005 mine
312 1976 388 2003 dicte
411 1976 507 2012 neptis
532 1979 557 2002 et
582 1984 643 2003 meo
662 1976 788 2012 proprio
811 1978 933 2005 nomine
951 1979 1096 2014 promitto
1115 1989 1171 2016 pro

201 2030 286 2058 nobis
304 2034 329 2057 et
351 2028 511 2056 heredibus
526 2033 551 2054 et
571 2028 790 2055 successoribus
814 2030 925 2057 nostris
946 2035 1016 2058 rata
1036 2036 1061 2059 et
1077 2032 1171 2068 firma

201 2091 318 2119 semper
333 2081 438 2109 habere
454 2085 479 2108 el
497 2085 639 2116 perpetuo
659 2081 881 2109 inviolabiliter
896 2082 1051 2111 observare
1067 2089 1092 2112 et
1110 2093 1171 2113 non

204 2140 309 2164 contra
330 2134 449 2167 venire,
472 2133 521 2160 sed
536 2133 562 2161 si
583 2142 657 2170 opus
674 2138 700 2161 et
722 2141 835 2162 necesse
854 2135 949 2169 suerit
971 2136 1104 2172 legitime
1120 2138 1171 2166 (ie-

200 2188 322 2225 fendere
338 2187 373 2214 ab
389 2186 473 2214 omni
491 2195 631 2223 persona.
651 2186 733 2220 Quod
750 2187 776 2214 si
793 2187 931 2223 predicta
948 2190 1052 2217 omnia
1069 2199 1085 2217 a
1100 2199 1171 2227 pre-

201 2242 283 2270 dicta
299 2240 429 2268 nruliere
443 2243 468 2267 et
485 2239 643 2267 heredibus
660 2243 686 2267 et
702 2241 919 2269 suecessoribus
935 2246 960 2269 et
980 2250 996 2269 a
1019 2250 1064 2270 me
1079 2244 1171 2271 meis-

201 2303 257 2331 que
274 2293 431 2322 heredibus
453 2302 511 2320 non
534 2293 652 2327 fuerint
675 2293 844 2327 observata,
869 2295 916 2322 vel
937 2295 1069 2331 quolibet
1084 2297 1171 2325 modo

202 2347 377 2375 venerimus
402 2350 507 2373 contra
530 2345 680 2381 predicta,
709 2347 853 2382 promitto
874 2355 925 2383 eqo
949 2349 1071 2377 nomine
1095 2349 1171 2378 dicte

201 2400 301 2437 neptis
318 2408 379 2427 mee
401 2403 427 2426 et
450 2407 513 2425 meo
532 2399 656 2435 proprio
678 2399 800 2427 nomine
817 2400 987 2436 predictam
1006 2403 1169 2438 pecuniam

203 2453 329 2481 nomine
345 2460 418 2488 pene
433 2451 557 2488 duplam
579 2451 672 2479 eidem
697 2452 820 2480 domino
835 2462 911 2490 pape
931 2458 956 2481 et
977 2454 1107 2483 Romane
1124 2465 1172 2484 ee-

203 2505 417 2541 cle.sieinte91·e
429 2504 614 2539 soluturum!
630 2509 742 2541 etpena
757 2506 855 2533 soluta
870 2506 963 2542 hujus
973 2507 1172 2537 alienationis

203 2563 229 2587 et
252 2557 440 2586 venditionis
461 2561 633 2584 contractus
652 2557 683 2584 in
701 2565 758 2585 sua
778 2558 1004 2587 nichilominus
1025 2560 1172 2596 firmitate

201 2614 391 2648 permaneat.
414 2609 447 2636 Et
468 2618 518 2645 eyo
538 2609 674 2646 predicta
694 2610 804 2638 Sibilia
824 2611 928 2639 minor
946 2613 1060 2647 ¹riainti
1076 2614 1171 2649 quin-

205 2673 262 2700 que
277 2663 378 2696 annis,
399 2670 463 2690 una
475 2670 541 2689 euin
558 2662 692 2690 Oderisio
707 2663 772 2691 viro
785 2672 855 2697 meo,
873 2664 946 2692 huic
960 2666 1132 2694 venditioni
1146 2671 1172 2695 et

204 2715 387 2744 alienationi
411 2715 597 2742 consentiens
614 2716 742 2752 propria
764 2720 790 2743 et
812 2721 977 2752 spontanea
1004 2718 1170 2754 voluntate,

205 2768 291 2795 tactis
307 2768 508 2795 saerosanctis
525 2768 691 2803 eranyeliis
703 2768 779 2804 juro
795 2773 884 2805 (itque
897 2771 1044 2806 promitto
1056 2772 1172 2807 predic-

207 2824 267 2847 tam
296 2820 496 2847 eenditiimeni
522 2824 548 2847 et
571 2820 765 2848 trialitionem
791 2830 808 2848 a
832 2822 911 2850 dicto
935 2822 1058 2851 domino
1080 2824 1173 2852 Fras-

205 2872 285 2899 nello
304 2876 416 2907 patruo
432 2876 456 2899 et
473 2877 612 2900 curatore
632 2882 696 2901 meo
714 2882 760 2901 mc
781 2879 915 2910 presente
932 2880 958 2903 et
978 2877 1093 2905 volente
1113 2877 1173 2906 sol-

204 2923 365 2960 lempniter
380 2924 554 2952 celebratam
579 2931 679 2953 ratam
702 2931 727 2954 et
746 2926 869 2962 firmam
890 2936 1005 2965 semper
1024 2929 1131 2957 habere
1147 2935 1173 2958 et

207 2979 349 3013 perpetuo
364 2976 391 3003 in
401 2976 584 3005 violabiliter
594 2979 749 3008 observare
762 2985 787 3008 et
801 2989 860 3009 non
872 2986 977 3010 eontra
992 2983 1105 3017 venire,
1119 2983 1173 3012 sub

705 327 754 356 LE
780 326 924 356 LIBER
946 324 1180 355 CENSUUM
1204 324 1259 354 DE
1283 315 1469 354 L‘E'JGLISE
1491 323 1703 353 ROMAINE.

1284 400 1362 427 pena
1386 391 1415 418 in
1436 390 1571 426 predicta
1596 390 1768 419 venditione
1783 393 1910 424 statuta,
1929 394 1954 418 et
1968 398 2045 427 pena
2062 389 2159 418 soluta
2181 397 2252 418 eon-

1287 447 1403 472 tractus
1418 448 1443 471 et
1460 443 1566 471 omnia
1581 443 1758 480 supradicta
1779 442 1814 470 in
1833 451 1887 471 suo
1907 442 2131 471 nichilominus
2151 442 2253 470 robore

1283 500 1481 533 perseverent.

1326 549 1431 577 Actum
1455 553 1495 576 est
1519 549 1573 576 hoc
1592 548 1782 585 presentibus
1802 548 1923 576 testibus
1945 547 2123 584 subscriptis
2141 546 2181 575 ad
2200 546 2254 574 hoc

1286 601 1459 638 specialiter
1474 602 1598 638 reflatis,
1620 601 1733 629 scilieet
1747 610 1756 628 :

1326 654 1464 683 Johanne
1474 654 1579 690 judice
1595 655 1720 682 l’aliani
1736 658 1822 688 teste;

1329 708 1413 736 Petro
1427 708 1531 744 priore
1546 707 1651 735 Sancti
1665 707 1825 735 Pancratii
1840 710 1927 741 teste;

1327 760 1413 788 Petro
1429 760 1463 788 de
1480 760 1606 788 Paliano
1623 764 1690 787 teste
1702 770 1711 795 ‚·

1330 813 1492 841 Theobaldo
1510 813 1620 841 Odonis
1635 813 1716 841 Buoee
1733 817 1816 847 teste;

1328 866 1480 902 Stephano
1496 865 1529 893 de
1549 865 1627 893 Valle
1639 866 1795 893 Muntonis
1812 869 1889 893 teste.

1328 920 1363 947 Et
1379 928 1429 955 eyo
1445 918 1608 947 Ricearclus
1625 918 1796 954 imperialis
1810 917 1878 945 aule
1894 917 2083 945 scriniarius
2099 917 2177 945 hanc
2191 925 2255 944 car-

1291 976 1350 1000 tam
1371 972 1533 1008 utrius-‹pu›
1548 971 1648 1008 partis
1664 979 1807 999 consensu
1825 970 1972 1007 complevi
1988 974 2121 1005 royatus.

1250 1154 1446 1185 CCXXXII.
1467 1172 1503 1176 -
1523 1155 1672 1184 CAnTuLA
1691 1161 1893 1183 VENotTtoNts
1912 1153 2045 1183 Nmomx
2066 1153 2256 1182 MACARANNI

1290 1217 1387 1237 FACTE
1403 1217 1460 1237 PER
1479 1208 1610 1236 PETRUM
1628 1216 1664 1236 ni:
1681 1207 1821 1236 ΡΑΙΛΑΝΟ
1838 1215 2026 1236 ουηΑΤοηΕΜ
2044 1214 2127 1235 suum
2144 1207 2167 1234 ¹.

1329 1327 1363 1354 In
1383 1318 1506 1354 nomine
1522 1326 1652 1360 Domini,
1674 1334 1774 1353 amen.
1791 1326 1879 1353 :inno
1897 1325 2127 1353 incarnationis
2144 1325 2260 1353 Christi

1289 1379 1452 1407 millesimo
1470 1379 1665 1413 cczx'n’tttm
1680 1377 1878 1415 pontificatus
1895 1378 2014 1406 domini
2034 1377 2170 1414 Greyorii
2183 1386 2260 1414 pape

1291 1432 1365 1460 noni
1382 1440 1463 1459 anno
1474 1436 1565 1459 sesto.
1579 1439 1679 1459 mense
1690 1431 1856 1466 februario,
1875 1431 2012 1465 dieXXV,
2031 1430 2196 1459 indictione
2212 1431 2257 1459 Vt.

1289 1486 1348 1521 Egyo
1364 1485 1470 1512 Petrus
1486 1484 1519 1511 de
1534 1484 1676 1514 Pallene,
1694 1488 1820 1512 curator
1835 1483 1925 1511 datus
1940 1484 1971 1511 in
1984 1483 2039 1511 hae
2050 1492 2143 1511 eausa
2156 1491 2257 1512 coram

1290 1546 1335 1565 me
1363 1536 1505 1565 Rieeardo
1524 1536 1693 1564 scriniario
1713 1540 1739 1564 et
1761 1536 1882 1564 testibus
1904 1536 2116 1573 ¹infrascriptis
2136 1536 2260 1565 Nicolao

1289 1591 1477 1618 Maeui-anno
1504 1589 1622 1617 minori
1644 1589 1759 1625 viainti
1791 1589 1927 1625 quinque
1957 1589 2049 1617 annis
2075 1597 2093 1617 a
2121 1589 2260 1618 Johanne

1290 1642 1509 1679 Leonisjndice
1524 1642 1650 1670 Patiani
1669 1647 1694 1670 et
1710 1642 1806 1679 ipsius
1822 1642 1936 1670 decreto
1952 1646 1977 1670 et
1993 1642 2186 1677 auctoritate,
2205 1642 2261 1670 hac

1291 1696 1339 1724 die
1349 1696 1483 1733 presenti
1496 1696 1625 1733 propria
1641 1699 1666 1723 et
1682 1699 1847 1732 spontanea
1864 1695 2020 1724 voluntate
2034 1695 2190 1724 curatorio
2206 1703 2260 1723 no-

1292 1750 1374 1777 mine
1392 1749 1542 1777 dictorum
1571 1749 1724 1777 minorum
1753 1747 1845 1776 cendo
1864 1752 1889 1776 et
1914 1747 2154 1777 irrevocabiliter
2175 1747 2262 1776 trado

1293 1802 1345 1830 tibi
1369 1802 1516 1838 ¹maaistro
1536 1801 1663 1837 Roffriilo
1684 1801 1809 1828 H'uberti
1829 1800 1863 1828 de
1885 1800 2026 1836 Auaqnia
2048 1800 2261 1837 procuratorio

1292 1856 1417 1884 nomine
1431 1863 1485 1891 pro
1502 1854 1625 1882 domino
1645 1862 1723 1890 papa
1748 1858 1774 1882 et
1794 1854 1930 1882 Romana
1950 1853 2070 1881 ecclesia
2092 1857 2117 1881 et
2134 1853 2173 1881 ad
2188 1861 2261 1890 opus

1293 1913 1318 1937 et
1342 1908 1504 1936 utilitatem
1530 1908 1663 1944 ipsorum
1689 1907 1721 1934 in
1741 1911 1938 1943 perpetuum,
1963 1906 2102 1934 videlicet
2121 1910 2211 1934 totam
2236 1909 2262 1934 et

1295 1963 1444 1998 inteyram
1460 1965 1578 1998 partem
1606 1961 1738 1997 ipsorum
1762 1960 1919 1987 minorum
1943 1967 2022 1987 rocee
2043 1963 2068 1987 et
2090 1959 2183 1987 castri
2201 1958 2262 1986 Pa-

1294 2014 1373 2043 liani
1390 2019 1415 2042 et
1434 2023 1512 2042 rocce
1525 2023 1559 2041 ae
1573 2013 1666 2042 castri
1677 2013 1830 2046 Seri-onis,
1844 2020 1911 2040 cum
1927 2011 2064 2039 domibus
2078 2015 2103 2039 et
2115 2011 2263 2039 casalinis

1293 2068 1378 2103 infra
1396 2067 1510 2095 easdem
1527 2075 1627 2095 roceas
1640 2065 1864 2103 pertinentibus
1879 2064 1919 2093 ad
1934 2063 2047 2092 eosdem
2060 2068 2085 2092 el
2096 2072 2165 2092 cum
2177 2063 2263 2091 omni

1287 2121 1361 2157 Jure
1380 2119 1602 2156 jtirisdictione
1627 2117 1763 2146 dominio
1785 2117 1896 2146 honore
1919 2121 1944 2145 et
1965 2116 2081 2145 actione
2099 2120 2204 2144 ettam
2228 2115 2262 2144 in

1294 2173 1436 2203 vassallis
1468 2181 1558 2209 quam
1594 2173 1625 2200 in
1662 2171 1769 2204 terris,
1801 2170 1914 2204 vineis,
1944 2169 2060 2207 pratis,
2090 2169 2259 2202 montibus,

1293 2226 1435 2260 collibus,
1457 2225 1621 2262 planiciis,
1643 2224 1742 2257 silvis,
1766 2223 1904 2260 pascuis,
1929 2222 2019 2259 aquis
2037 2226 2063 2250 et
2087 2221 2262 2250 comunita-

1295 2280 1372 2308 tibus
1397 2279 1569 2312 universis,
1597 2278 1677 2306 sieut
1701 2276 1789 2305 dietis
1815 2276 1988 2304 minoribus
2011 2278 2182 2312 competunt
2207 2282 2263 2310 pro

1293 2333 1392 2361 diviso
1415 2332 1461 2360 vel
1489 2331 1624 2360 indiviso
1652 2330 1681 2358 in
1707 2329 1855 2367 predictis
1881 2328 1989 2357 castris
2016 2328 2101 2356 intus
2124 2331 2150 2355 et
2176 2330 2262 2355 extra

1294 2390 1319 2414 et
1339 2394 1393 2423 per
1417 2389 1513 2414 totum
1535 2383 1708 2412 eorumdem
1734 2386 1907 2411 castrorum
1929 2381 2122 2409 territorium
2149 2384 2174 2408 et
2199 2379 2263 2408 dis-

1295 2438 1434 2472 trictum,
1453 2441 1478 2465 et
1495 2436 1641 2473 quicquid
1659 2435 1734 2464 dicti
1756 2435 1890 2462 minores
1914 2434 1960 2462 vel
1982 2434 2045 2462 alia
2059 2441 2186 2470 persona
2206 2440 2263 2469 pro

1294 2492 1335 2520 eis
1364 2491 1396 2519 de
1419 2490 1566 2527 predictis
1592 2489 1732 2517 omnibus
1757 2487 1912 2525 possident
1937 2491 2033 2515 totum
2058 2486 2182 2515 nomine
2206 2485 2263 2514 Ro-

1293 2552 1383 2572 mane
1399 2543 1518 2572 ecclesie
1534 2543 1627 2571 dictos
1642 2542 1776 2569 minores
1791 2539 2105 2577 confiteorpossidere,
2123 2543 2148 2567 et
2164 2538 2200 2566 do
2215 2541 2264 2566 at-

1292 2743 1317 2768 1.
1333 2742 1367 2768 25
1384 2740 1489 2767 few-ier
1508 2740 1584 2767 1233.
1607 2754 1640 2758 —
1661 2738 1760 2764 Pieri-e
1776 2737 1810 2764 de
1827 2737 1957 2769 Pediano,
1979 2739 2114 2762 eurateui·
2135 2735 2186 2761 des
2209 2733 2263 2760 mi-

1256 2799 1345 2817 neurs
1367 2790 1485 2816 Nicolas
1502 2789 1673 2815 Macaranno
1698 2791 1726 2813 et
1746 2786 1909 2818 Diamante,
1926 2785 2010 2816 cede,
2028 2793 2062 2811 au
2082 2792 2145 2810 nom
2163 2783 2197 2809 de
2215 2789 2265 2808 ses

1257 2839 1393 2874 pupilles⁷
1410 2840 1426 2864 ὲ
1441 2838 1541 2864 main-e
1557 2835 1693 2863 Rom-edo
1706 2834 1817 2865 Uberti,
1835 2835 2036 2868 representant
2049 2832 2086 2858 du
2099 2839 2171 2866 pape
2188 2830 2263 2856 Gre-

1256 2888 1338 2922 goire
1354 2886 1410 2920 IX,
1426 2895 1475 2913 ses
1491 2886 1582 2912 droits
1595 2893 1645 2911 sun·
1663 2884 1778 2910 Paliano
1794 2887 1822 2908 et
1838 2882 1974 2914 Seri-one,
1992 2889 2064 2915 pour
2081 2887 2136 2906 une
2153 2886 2265 2905 somme

1256 2938 1323 2969 (non
1342 2935 1504 2967 transcrite)
1522 2935 1622 2960 vei-see
1637 2941 1688 2967 par
1702 2932 1728 2957 le
1744 2930 1883 2958 caman-ier
1896 2928 2010 2955 Benoit.
2024 2942 2057 2948 —
2072 2927 2166 2954 L'acte
2181 2925 2264 2953 insti-

1256 2988 1339 3012 tuant
1354 2985 1380 3010 la
1395 2984 1532 3011 cui-atelle
1548 2986 1593 3008 est
1606 2981 1772 3008 mentionne
1787 2987 1822 3005 en
1839 2977 2007 3013 appendice.
